2888 4994
354 379 474 460 ‘Sion
498 387 546 458 11.
569 390 628 459 Du
650 395 839 477 tentata.
1124 413 1166 486 ⁷9

109 537 311 607 luntatem
337 545 513 606 nostram
540 537 632 604 aliis
658 541 943 608 communicare
970 543 1168 618 novimus.

110 643 297 710 Gaudent
318 639 474 728 quidem
494 641 610 707 bruta
632 642 855 710 animantia
871 664 982 729 voce,
1007 666 1082 734 qua
1095 649 1167 716 ds.

109 746 262 814 sideria
282 753 320 814 st
341 751 470 812 motus
493 744 617 810 animi
636 747 868 834 significant
881 747 943 834 (ς.
965 757 1064 836 436.)
1075 799 1087 837 ,
1127 761 1168 824 et
1244 735 1250 747 ¹

109 853 280 932 possunt
301 865 364 914 eos
383 866 514 914 sensus
538 847 629 912 aliis
650 869 802 937 quoque
820 846 1169 924 manifestarecor'·

109 954 222 1037 poris
243 952 439 1028 motibus,
462 957 628 1036 suntque
652 953 754 1033 elia,
783 973 881 1040 quae
901 951 1052 1040 aliquas
1079 959 1170 1026 imi.

112 1055 197 1120 tari
218 1053 376 1120 discunt
391 1069 530 1133 roceas
557 1055 685 1120 solum
714 1061 847 1123 tamen
870 1078 1096 1144 corporeum
1118 1064 1168 1132 iis
1294 1065 1299 1078 '

113 1157 243 1242 signis
266 1157 489 1238 exprimunt
507 1175 680 1239 sensum,
715 1177 785 1224 nec
812 1158 1041 1229 distinctam
1068 1183 1169 1232 sem·

114 1281 188 1347 per
208 1261 409 1348 designare
438 1267 600 1344 possunt
627 1261 895 1347 voluntatems
929 1267 1056 1336 literis
1076 1289 1170 1337 vero

116 1380 185 1432 aut
206 1367 366 1450 vocibus
387 1363 540 1430 auditos
559 1363 684 1428 solum
708 1363 920 1434 imitantur
940 1389 1077 1450 sonos,
1099 1393 1171 1439 nsa

113 1469 202 1542 ulla
220 1466 269 1535 iis
291 1467 525 1552 respondent
547 1463 672 1532 animi
704 1486 826 1534 sensa.
868 1470 933 1536 Est
951 1469 1086 1562 itaque
1109 1476 1169 1540 lo·

115 1574 236 1663 quala
254 1573 329 1642 soli
347 1578 503 1638 tantum
525 1567 681 1636 homini
702 1571 882 1657 propria,
909 1582 949 1641 et
961 1579 1171 1646 constituit

116 1697 240 1746 unam
260 1675 511 1762 epraecipuis
525 1673 606 1760 ejus
615 1675 933 1765 praerogativis(
945 1684 975 1758 ς.
986 1693 1040 1764 45.
1050 1703 1087 1748 n.
1102 1685 1167 1770 9.).
1296 1703 1299 1716 ·

201 1838 381 1905 idearum
397 1842 652 1939 etxsensorum
682 1837 837 1921 copiam
863 1857 907 1902 ao
932 1841 1168 1914 varietatem

118 1943 412 2030 significaturus
433 1939 552 2004 homo
566 1984 577 2020 ,
599 1959 743 2026 organo
759 1940 867 2006 vocis
882 1943 1168 2026 perfectissimo

119 2049 177 2134 (ς.
195 2059 258 2130 429
277 2079 319 2100 ·-
336 2043 441 2127 431.)
466 2041 606 2109 etaliis
627 2045 771 2127 gaudet
783 2044 1058 2125 adminiculis,
1082 2050 1167 2136 qui·

118 2152 190 2216 hus
211 2147 411 2214 infinitam
429 2152 612 2212 tonorum
629 2145 885 2227 varietatem,
908 2155 1096 2236 tanquam
1108 2159 1169 2219 to·
1290 2155 1300 2172 “

6 2305 9 2312 .
117 2251 244 2320 tidem
274 2247 513 2332 voluntatis,
558 2250 849 2334 intelligentiae
881 2243 931 2316 ac‘
959 2255 1169 2322 notionum

118 2358 236 2442 signa
252 2354 363 2421 edere
385 2353 510 2420 novit.
551 2353 695 2418 Eadem
719 2355 1167 2436 enimconjunctionsac

117 2459 379 2534 successione,
405 2475 483 2543 qua
503 2457 636 2548 anima
659 2457 767 2523 ideas
797 2456 928 2543 gignit
958 2463 997 2522 st
1016 2459 1166 2543 jungit,

121 2564 283 2650 loquens
305 2557 544 2648 symbolicos
559 2557 648 2626 edit
667 2565 806 2638 tonos,
828 2565 873 2625 ut
899 2561 992 2627 adeo
1014 2563 1168 2630 halitus

120 2661 372 2750 pulmonibus
402 2663 613 2748 respiratus
640 2664 860 2743 animetur,
896 2667 934 2727 et
961 2665 1166 2752 psychicus

119 2767 296 2838 hominis
320 2772 445 2834 status
457 2767 498 2832 in
511 2784 731 2850 corpoream
743 2763 1008 2870 quadantenus
1021 2768 1166 2834 transi·

117 2874 194 2941 list
219 2869 449 2958 sphaeram,
479 2868 653 2940 sensibus
672 2873 822 2954 pateat.
844 2935 847 2952 ,

593 3086 623 3160 5·
643 3090 721 3167 439.

224 3283 227 3290 ’
313 3263 575 3378 Loquelas
619 3287 953 3356 adminicula.

196 3423 263 3520 ¹Ut·
278 3451 385 3519 edita
405 3471 475 3544 pes
495 3455 698 3539 lesyngem
719 3471 795 3518 vox
815 3446 1022 3518 articulata
1046 3469 1090 3516 ac
1111 3469 1168 3516 or·

120 3557 262 3644 ganica
280 3553 464 3623 reddatur
492 3557 550 3639 (ς.
566 3553 708 3643 438.),’
731 3551 848 3640 inque
868 3551 1064 3638 loquelam
1085 3554 1166 3619 for-

122 3651 277 3741 metur,
304 3679 390 3725 sam
419 3658 604 3742 intercipi
632 3652 917 3744 quodammodo
951 3661 1104 3739 oportet
1127 3662 1167 3722 et

120 3771 190 3854 per
212 3770 343 3850 partes
361 3763 490 3828 varias
516 3759 707 3844 singulari
735 3759 888 3823 ratione
920 3757 1165 3834 modificari,

123 3868 192 3950 id,
216 3867 319 3954 quod
340 3865 610 3934 instrumentis
633 3862 754 3931 variis
779 3870 819 3929 et
835 3861 925 3930 aliis
948 3861 1169 3932 adminicu-

124 3973 175 4042 lis
194 3967 378 4036 efficitur.
397 3985 401 3990 ·
833 3963 845 3998 ²

118 4191 128 4221 ⁸
207 4131 580 4212 instrumentis
593 4174 605 4206 ‚
622 4097 778 4216 ¹quihus
792 4146 867 4194 vox
888 4124 1042 4192 ratione
1055 4127 1094 4188 et
1107 4144 1168 4190 ar.

125 4236 271 4325 bitrio,
294 4237 388 4310 dum
401 4239 498 4308 ines
517 4231 805 4324 productaest,
817 4227 1084 4307 articulatur,
1096 4227 1169 4298 iiu-
1189 4323 1194 4333 Ι
