2946 5000
262 381 325 457 ιιι
527 363 614 434 cnr
625 366 671 432 11.
682 367 773 431 car.
794 320 853 433 rtl.¹
876 366 934 432 Da
957 367 1137 438 sarcir.

344 513 466 578 Tenet
486 509 656 575 stadium
677 509 862 576 hactenus
885 512 1119 595 descriptum
1130 485 1314 590 medium

187 638 213 688 τ
262 619 373 706 quasi
390 607 517 682 locum
540 617 643 681 inter
650 618 816 700 vigilias
847 623 886 680 et
904 636 1106 698 somnum,
1138 625 1181 684 ut
1208 621 1315 685 adeo·

163 723 166 730 “
261 723 482 808 magnetica
500 719 540 783 vi
560 717 734 784 imbutus
754 719 801 783 ad
820 707 1302 806 interrogatoreapondeat

261 829 524 912 potissimum,
552 823 669 896 facile
697 821 880 906 evigilet,
911 830 950 887 et
970 823 1311 892 reminiscentiam

107 1017 111 1024 Ι
207 951 213 962 ¹
259 930 404 992 habeat
432 933 619 990 actorum.
663 924 700 988 Si
730 945 820 1017 vero
842 926 944 990 ultro
960 927 1199 1009 precabatur
1218 948 1303 992 ma·
1360 931 1366 944 '

261 1029 444 1116 g'netismi
465 1023 619 1092 effectus
632 1070 643 1105 ,
680 1025 860 1098 oscitatio
881 1029 1081 1116 frequens,
1103 1031 1304 1095 'membro-

261 1153 351 1207 rum
370 1129 636 1216 pandiculatio
655 1133 695 1192 et
711 1129 986 1212 palpebrarum
1004 1133 1175 1213 gravitas
1200 1151 1303 1197 com·

181 1223 187 1242 ’
260 1244 420 1337 parent,
449 1241 486 1299 et
504 1234 679 1320 sequitur
699 1231 854 1296 tandem
874 1234 976 1296 altus
991 1252 1168 1309 somnus,
1199 1255 1306 1319 quem

198 1397 202 1404 .
260 1340 472 1424 suspirium
504 1356 619 1424 grava
644 1334 868 1420 praecedere
889 1336 1002 1399 solet
1045 1337 1180 1399 Οιιιιιὶιι
1202 1354 1305 1398 nunc

262 1443 432 1508 abolitus
452 1446 508 1503 est
528 1422 688 1518 sendus,
715 1437 825 1500 nulla
844 1437 959 1500 modo
979 1439 1084 1521 viget
1106 1439 1304 1502 conscien-

176 1579 182 1591 ,
262 1543 333 1620 tia,
361 1565 430 1611 nec
449 1544 568 1608 facila
581 1543 750 1606 excitari
763 1539 888 1604 exhoc
900 1547 1004 1605 statu
1016 1529 1208 1609 dormiens
1220 1549 1307 1626 pot-

217 1727 222 1738 „
262 1659 341 1727 est,
372 1658 504 1735 estque
526 1645 667 1710 nulla
653 1666 693 1708 ιιι
714 1641 924 1726 evigilante
939 1665 1093 1722 eorum
1116 1668 1212 1732 quae
1235 1648 1313 1713 sub

263 1776 306 1816 ea
325 1751 484 1835 periodo
504 1748 757 1819 adcidarunt,
788 1715 1088 1811 reminiscentia
1133 1751 1304 1814 Duretie

266 1870 443 1924 somnus,
480 1847 547 1933 qui
564 1863 841 1932 nonnunquam
869 1863 959 1916 cum
977 1847 1221 1930 gravioribus
1241 1868 1311 1934 ey

261 1950 437 2019 sternatis
456 1948 617 2014 nervosi
637 1947 922 2012 adfectionibus
947 1947 1068 2034 (cris
1083 1969 1126 2014 es
1150 1950 1306 2034 dicunt)

262 2058 456 2143 jungitur,
479 2052 589 2118 vario
608 2054 679 2136 sub
703 2049 864 2114 diversis
884 2051 1184 2130 circumstantiis
1206 2059 1306 2128 ιειιιο,

259 2181 370 2252 pore,
396 2160 536 2231 donec,
561 2153 723 2238 suspirio
747 2133 846 2238 noxio
866 2153 1145 2236 praecedent'n
1173 2153 1240 2218 vel
1263 2155 1309 2221 in·

262 2259 648 2328 somnambulismum
661 2255 882 2340 perfectum.
896 2254 991 2329 abit,
1010 2254 1068 2316 vel
1079 2255 1119 2317 in
1131 2256 1312 2339 primunr

262 2365 470 2434 reactionis
484 2364 727 2446 magneticao
745 2362 920 2446 gradum,
943 2353 1309 2427 actandem'insta‘

262 2475 347 2533 tum
376 2455 588 2532 normalem
624 2463 844 2546 revertitur.
898 2463 1134 2548 Evigilantes
1158 2487 1201 2528 ex
1230 2463 1304 2530 hoc

261 2558 515 2635 somno⁸viree
536 2561 658 2632 animi
682 2573 720 2631 et
741 2566 911 2650 corporis
932 2573 1121 2633 recreatas
1147 2567 1308 2650 potissi·
1335 2605 1341 2618 ·
1364 2635 1367 2643 ,

206 2685 211 2698 ’
265 2695 372 2742 ιιιιιιιι
396 2674 590 2762 sentiunt*

367 2837 405 2894 ll.
426 2833 579 2892 Somrrii
604 2793 823 2908 magnerici
851 2837 1008 2910 primus
1028 2829 1205 2910 gradus

344 2961 786 3058 Congruitsomnium
810 2961 1148 3045 magneticum
1174 2965 1299 3029 maxi·-

260 3092 322 3148 me
353 3089 441 3132 cum
463 3063 810 3130 edmnambulisma
833 3065 886 3146 (fi.
906 3061 1035 3150 478·‚)
1075 3069 1113 3129 et
1130 3064 1257 3138 drstart
1277 3089 1307 3134 a·

258 3167 1305 3286 somniisconsuetisphaenomenorumvariettte‚quae

261 3275 455 3348 ostendit,
484 3290 635 3336 aeneum
655 3290 733 3334 ιιοιι
750 3269 864 3334 modo
884 3257 1063 3353 vigilare,
1086 3291 1221 3338 verum
1241 3276 1300 3338 al-

261 3385 378 3450 tiores
397 3377 514 3441 etiam
532 3373 684 3440 animae
703 3351 904 3438 facultates
923 3374 1075 3458 vigere,
1106 3383 1144 3442 at
1162 3379 1300 3443 volun·

149 3507 152 3514 ’
258 3492 382 3554 tatem
403 3483 445 3546 in
465 3477 682 3545 actionibus
703 3478 781 3542 suis
809 3477 996 3556 liberam,
1024 3479 1139 3576 inque
1161 3483 1303 3547 ensal·

258 3599 338 3657 tem
360 3585 576 3650 restrictam
597 3603 693 3658 esse,
718 3577 818 3667 quod
838 3578 1030 3644 somnium
1044 3577 1300 3662 ipsuminter·

245 3701 437 3773 'rumpere
449 3729 471 3762 ,,
492 3692 531 3748 st
549 3688 701 3746 mutare
720 3681 1009 3766 apparitionum
1020 3685 1304 3753 successionem·

254 3814 344 3866 ιιοιι.
357 3789 499 3856 valeat.
543 3781 642 3850 Dum
662 3779 782 3868 igitur
794 3778 1084 3852 somnambirlue
1097 3787 1214 3854 istum
1230 3791 1299 3857 ad-

190 3885 195 3896 ’
255 3896 377 3987 tingit
389 3889 567 3976 gradum,
589 3905 754 3952 esomno
762 3883 891 3970 priora
909 3885 1015 3953 intra
1028 3889 1179 3955 semet
1167 3909 1300 3978 ipsum¹

257 3997 367 4092 quasi
390 3991 572 4076 evigilat,
601 3995 806 4070 recuperat
827 3993 1100 4058 conscientiam
1118 3997 1199 4074 sui,
1219 4018 1299 4065 cor·

257 4126 332 4191 pus
346 4096 577 4186 proprium,'
600 4090 741 4155 artific‘
731 4110 762 4154 rs
783 4099 820 4156 et
840 4093 1006 4159 aliorum
1024 4093 1229 4165 hominum
1252 4123 1298 4168 ac

259 4227 406 4290 rerum,
438 4211 529 4267 eum
548 4215 591 4264 eo
616 4196 658 4261 in
686 4211 784 4264 nexu
806 4197 1022 4282 magnetica
1047 4202 1298 4274 existentium
