<?xml version="1.0" encoding="UTF-8"?>
<!DOCTYPE html PUBLIC "-//W3C//DTD XHTML 1.0 Transitional//EN"
    "http://www.w3.org/TR/xhtml1/DTD/xhtml1-transitional.dtd">
<html xmlns="http://www.w3.org/1999/xhtml" xml:lang="en" lang="en">
 <head>
  <title>
</title>
<meta http-equiv="Content-Type" content="text/html;charset=utf-8" />
  <meta name='ocr-system' content='tesseract 3.04.00' />
  <meta name='ocr-capabilities' content='ocr_page ocr_carea ocr_par ocr_line ocrx_word'/>
</head>
<body>
  <div class='ocr_page' id='page_1' title='image "./physiologiamedi00lenhgoog_0408.png"; bbox 0 0 2904 5002; ppageno 0'>
   <div class='ocr_carea' id='block_1_1' title="bbox 242 387 1234 482">
    <p class='ocr_par' dir='ltr' id='par_1_1' title="bbox 242 387 1234 482">
     <span class='ocr_line' id='line_1_1' title="bbox 242 387 1234 482; baseline 0.003 -14"><span class='ocrx_word' id='word_1_1' title='bbox 242 397 423 471; x_wconf 68' lang='lat' dir='ltr'><strong>saculi.</strong></span> <span class='ocrx_word' id='word_1_2' title='bbox 444 387 1081 466; x_wconf 65' lang='lat' dir='ltr'><strong>circumsionemsununs.</strong></span> <span class='ocrx_word' id='word_1_3' title='bbox 1131 408 1195 478; x_wconf 74' lang='lat' dir='ltr'><strong>sss</strong></span> <span class='ocrx_word' id='word_1_4' title='bbox 1226 475 1234 482; x_wconf 66' lang='grc'><strong>,</strong></span> 
     </span>
    </p>
   </div>
   <div class='ocr_carea' id='block_1_2' title="bbox 68 539 1249 2596">
    <p class='ocr_par' dir='ltr' id='par_1_2' title="bbox 68 539 1249 2596">
     <span class='ocr_line' id='line_1_2' title="bbox 138 539 1194 630; baseline -0.001 -19"><span class='ocrx_word' id='word_1_5' title='bbox 138 545 357 630; x_wconf 79' lang='lat' dir='ltr'><strong>strepitum</strong></span> <span class='ocrx_word' id='word_1_6' title='bbox 379 546 562 611; x_wconf 86' lang='lat' dir='ltr'><strong>suscitare</strong></span> <span class='ocrx_word' id='word_1_7' title='bbox 583 539 755 628; x_wconf 76' lang='lat' dir='ltr'><strong>possint,</strong></span> <span class='ocrx_word' id='word_1_8' title='bbox 778 545 1194 630; x_wconf 82' lang='lat' dir='ltr'><strong>quatuorregiturmu·</strong></span> 
     </span>
     <span class='ocr_line' id='line_1_3' title="bbox 148 645 1198 735; baseline 0.001 -21"><span class='ocrx_word' id='word_1_9' title='bbox 148 651 283 718; x_wconf 80' lang='lat' dir='ltr'><strong>scutis.</strong></span> <span class='ocrx_word' id='word_1_10' title='bbox 307 653 498 715; x_wconf 81' lang='lat' dir='ltr'><strong>Teneor</strong></span> <span class='ocrx_word' id='word_1_11' title='bbox 528 645 769 735; x_wconf 82' lang='lat' dir='ltr'><strong>tympani</strong></span> <span class='ocrx_word' id='word_1_12' title='bbox 791 665 888 716; x_wconf 76' lang='lat' dir='ltr'><strong>am.</strong></span> <span class='ocrx_word' id='word_1_13' title='bbox 910 647 1097 712; x_wconf 87' lang='lat' dir='ltr'><strong>mallei</strong></span> <span class='ocrx_word' id='word_1_14' title='bbox 1121 649 1198 715; x_wconf 86' lang='lat' dir='ltr'><strong>&#39;in-</strong></span> 
     </span>
     <span class='ocr_line' id='line_1_4' title="bbox 98 751 1196 838; baseline 0.004 -20"><span class='ocrx_word' id='word_1_15' title='bbox 98 797 100 802; x_wconf 91' lang='lat'>-</span> <span class='ocrx_word' id='word_1_16' title='bbox 141 758 194 818; x_wconf 82' lang='lat' dir='ltr'><strong>te</strong></span> <span class='ocrx_word' id='word_1_17' title='bbox 210 772 356 834; x_wconf 77' lang='lat' dir='ltr'><strong>snus,</strong></span> <span class='ocrx_word' id='word_1_18' title='bbox 381 751 517 820; x_wconf 85' lang='lat' dir='ltr'><strong>ceteris</strong></span> <span class='ocrx_word' id='word_1_19' title='bbox 543 751 686 838; x_wconf 79' lang='lat' dir='ltr'><strong>major,</strong></span> <span class='ocrx_word' id='word_1_20' title='bbox 710 751 759 816; x_wconf 84' lang='lat' dir='ltr'><strong>ab</strong></span> <span class='ocrx_word' id='word_1_21' title='bbox 786 770 869 816; x_wconf 83' lang='lat' dir='ltr'><strong>osso</strong></span> <span class='ocrx_word' id='word_1_22' title='bbox 899 752 1133 835; x_wconf 86' lang='lat' dir='ltr'><strong>spheuoideo</strong></span> <span class='ocrx_word' id='word_1_23' title='bbox 1157 763 1196 822; x_wconf 86' lang='lat' dir='ltr'><strong>et</strong></span> 
     </span>
     <span class='ocr_line' id='line_1_5' title="bbox 137 854 1204 944; baseline 0.007 -24"><span class='ocrx_word' id='word_1_24' title='bbox 137 875 167 920; x_wconf 82' lang='lat' dir='ltr'><strong>a</strong></span> <span class='ocrx_word' id='word_1_25' title='bbox 195 861 394 944; x_wconf 77' lang='lat' dir='ltr'>superiore</span> <span class='ocrx_word' id='word_1_26' title='bbox 422 863 531 944; x_wconf 84' lang='lat' dir='ltr'><strong>parte</strong></span> <span class='ocrx_word' id='word_1_27' title='bbox 562 857 679 922; x_wconf 83' lang='lat' dir='ltr'><strong>tubae</strong></span> <span class='ocrx_word' id='word_1_28' title='bbox 706 854 988 926; x_wconf 84' lang='lat' dir='ltr'><strong>Eustach&#39;ianae</strong></span> <span class='ocrx_word' id='word_1_29' title='bbox 1019 857 1204 940; x_wconf 86' lang='lat' dir='ltr'><strong>exortus,¹</strong></span> 
     </span>
     <span class='ocr_line' id='line_1_6' title="bbox 135 961 1189 1052; baseline 0.002 -24"><span class='ocrx_word' id='word_1_30' title='bbox 135 966 249 1032; x_wconf 76' lang='lat' dir='ltr'><strong>ruico</strong></span> <span class='ocrx_word' id='word_1_31' title='bbox 267 967 479 1052; x_wconf 76' lang='lat' dir='ltr'><strong>peculiari,</strong></span> <span class='ocrx_word' id='word_1_32' title='bbox 500 963 575 1032; x_wconf 83' lang='lat' dir='ltr'><strong>ossi</strong></span> <span class='ocrx_word' id='word_1_33' title='bbox 592 969 744 1048; x_wconf 83' lang='lat' dir='ltr'><strong>petroso</strong></span> <span class='ocrx_word' id='word_1_34' title='bbox 763 961 972 1046; x_wconf 88' lang='lat' dir='ltr'><strong>insculpto,</strong></span> <span class='ocrx_word' id='word_1_35' title='bbox 988 966 1189 1046; x_wconf 87' lang='lat' dir='ltr'><strong>procedit,</strong></span> 
     </span>
     <span class='ocr_line' id='line_1_7' title="bbox 139 1068 1193 1158; baseline 0.002 -25"><span class='ocrx_word' id='word_1_36' title='bbox 139 1088 336 1158; x_wconf 83' lang='lat' dir='ltr'><strong>suumque</strong></span> <span class='ocrx_word' id='word_1_37' title='bbox 366 1071 567 1137; x_wconf 88' lang='lat' dir='ltr'><strong>tendinem</strong></span> <span class='ocrx_word' id='word_1_38' title='bbox 596 1069 645 1134; x_wconf 84' lang='lat' dir='ltr'><strong>ad</strong></span> <span class='ocrx_word' id='word_1_39' title='bbox 666 1068 848 1155; x_wconf 85' lang='lat' dir='ltr'><strong>tympani</strong></span> <span class='ocrx_word' id='word_1_40' title='bbox 876 1087 1010 1132; x_wconf 87' lang='lat' dir='ltr'><strong>cavum</strong></span> <span class='ocrx_word' id='word_1_41' title='bbox 1041 1069 1193 1141; x_wconf 79' lang='lat' dir='ltr'><strong>mittit,</strong></span> 
     </span>
     <span class='ocr_line' id='line_1_8' title="bbox 113 1171 1192 1262; baseline 0 -20"><span class='ocrx_word' id='word_1_42' title='bbox 113 1229 116 1242; x_wconf 92' lang='lat'><strong><em>.</em></strong></span> <span class='ocrx_word' id='word_1_43' title='bbox 140 1177 213 1262; x_wconf 86' lang='lat' dir='ltr'><strong>qui</strong></span> <span class='ocrx_word' id='word_1_44' title='bbox 225 1179 268 1246; x_wconf 88' lang='lat' dir='ltr'><strong>in</strong></span> <span class='ocrx_word' id='word_1_45' title='bbox 280 1183 434 1248; x_wconf 85' lang='lat' dir='ltr'><strong>brevem</strong></span> <span class='ocrx_word' id='word_1_46' title='bbox 455 1174 587 1242; x_wconf 86' lang='lat' dir='ltr'><strong>mallei</strong></span> <span class='ocrx_word' id='word_1_47' title='bbox 604 1193 822 1262; x_wconf 73' lang='lat' dir='ltr'><strong>processum</strong></span> <span class='ocrx_word' id='word_1_48' title='bbox 835 1175 1019 1241; x_wconf 83' lang='lat' dir='ltr'><strong>inseritur</strong></span> <span class='ocrx_word' id='word_1_49' title='bbox 1033 1181 1086 1262; x_wconf 79' lang='lat' dir='ltr'><strong>t).</strong></span> <span class='ocrx_word' id='word_1_50' title='bbox 1100 1171 1192 1243; x_wconf 56' lang='lat' dir='ltr'><strong>Tra*-</strong></span> 
     </span>
     <span class='ocr_line' id='line_1_9' title="bbox 139 1275 1194 1368; baseline 0.004 -26"><span class='ocrx_word' id='word_1_51' title='bbox 139 1275 207 1346; x_wconf 83' lang='lat' dir='ltr'><strong>hit</strong></span> <span class='ocrx_word' id='word_1_52' title='bbox 237 1283 270 1348; x_wconf 88' lang='lat' dir='ltr'><strong>is</strong></span> <span class='ocrx_word' id='word_1_53' title='bbox 298 1281 493 1348; x_wconf 87' lang='lat' dir='ltr'><strong>musculus</strong></span> <span class='ocrx_word' id='word_1_54' title='bbox 534 1276 670 1344; x_wconf 84' lang='lat' dir='ltr'><strong>mellei</strong></span> <span class='ocrx_word' id='word_1_55' title='bbox 705 1277 992 1355; x_wconf 65' lang='lat' dir='ltr'><strong>manubrium„</strong></span> <span class='ocrx_word' id='word_1_56' title='bbox 1025 1280 1194 1368; x_wconf 80' lang='lat' dir='ltr'><strong>adeoque</strong></span> 
     </span>
     <span class='ocr_line' id='line_1_10' title="bbox 141 1381 1195 1472; baseline 0.003 -27"><span class='ocrx_word' id='word_1_57' title='bbox 141 1381 275 1465; x_wconf 80' lang='lat' dir='ltr'><strong>ipsam</strong></span> <span class='ocrx_word' id='word_1_58' title='bbox 294 1385 474 1472; x_wconf 80' lang='lat' dir='ltr'><strong>tympani</strong></span> <span class='ocrx_word' id='word_1_59' title='bbox 493 1381 760 1448; x_wconf 81' lang='lat' dir='ltr'><strong>membranam</strong></span> <span class='ocrx_word' id='word_1_60' title='bbox 787 1381 1027 1458; x_wconf 79' lang='lat' dir='ltr'><strong>introrsum,</strong></span> <span class='ocrx_word' id='word_1_61' title='bbox 1046 1381 1195 1470; x_wconf 89' lang='lat' dir='ltr'><strong>hocque</strong></span> 
     </span>
     <span class='ocr_line' id='line_1_11' title="bbox 142 1483 1195 1560; baseline 0.005 -12"><span class='ocrx_word' id='word_1_62' title='bbox 142 1487 264 1552; x_wconf 84' lang='lat' dir='ltr'><strong>modo</strong></span> <span class='ocrx_word' id='word_1_63' title='bbox 284 1489 461 1554; x_wconf 87' lang='lat' dir='ltr'><strong>tunicam</strong></span> <span class='ocrx_word' id='word_1_64' title='bbox 492 1505 578 1551; x_wconf 84' lang='lat' dir='ltr'><strong>eam</strong></span> <span class='ocrx_word' id='word_1_65' title='bbox 607 1483 776 1560; x_wconf 88' lang='lat' dir='ltr'><strong>tendit,.</strong></span> <span class='ocrx_word' id='word_1_66' title='bbox 786 1489 831 1548; x_wconf 91' lang='lat' dir='ltr'><strong>ut</strong></span> <span class='ocrx_word' id='word_1_67' title='bbox 848 1488 1063 1552; x_wconf 81' lang='lat' dir='ltr'><strong>extrorsum</strong></span> <span class='ocrx_word' id='word_1_68' title='bbox 1099 1507 1195 1553; x_wconf 85' lang='lat' dir='ltr'><strong>cave</strong></span> 
     </span>
     <span class='ocr_line' id='line_1_12' title="bbox 141 1583 1192 1682; baseline 0.009 -34"><span class='ocrx_word' id='word_1_69' title='bbox 141 1583 232 1657; x_wconf 74' lang='lat' dir='ltr'><strong>fiat.</strong></span> <span class='ocrx_word' id='word_1_70' title='bbox 257 1587 812 1680; x_wconf 79' lang='lat' dir='ltr'><strong>M.malleiextsruuss.</strong></span> <span class='ocrx_word' id='word_1_71' title='bbox 841 1589 1095 1682; x_wconf 77' lang='lat' dir='ltr'><strong>anterior,</strong></span> <span class='ocrx_word' id='word_1_72' title='bbox 1125 1589 1192 1657; x_wconf 85' lang='lat' dir='ltr'><strong>sd·</strong></span> 
     </span>
     <span class='ocr_line' id='line_1_13' title="bbox 137 1690 1194 1773; baseline 0.012 -23"><span class='ocrx_word' id='word_1_73' title='bbox 137 1707 185 1751; x_wconf 91' lang='lat' dir='ltr'><strong>eo</strong></span> <span class='ocrx_word' id='word_1_74' title='bbox 206 1697 266 1756; x_wconf 75' lang='lat' dir='ltr'><strong>est</strong></span> <span class='ocrx_word' id='word_1_75' title='bbox 287 1693 440 1773; x_wconf 86' lang='lat' dir='ltr'><strong>tenuis,</strong></span> <span class='ocrx_word' id='word_1_76' title='bbox 475 1692 574 1756; x_wconf 89' lang='lat' dir='ltr'><strong>utin</strong></span> <span class='ocrx_word' id='word_1_77' title='bbox 593 1663 1143 1758; x_wconf 84' lang='lat' dir='ltr'><strong>torosisssitemindividuis&#39;</strong></span> <span class='ocrx_word' id='word_1_78' title='bbox 1132 1715 1194 1762; x_wconf 81' lang='lat' dir='ltr'><strong>ur·</strong></span> 
     </span>
     <span class='ocr_line' id='line_1_14' title="bbox 68 1787 1193 1882; baseline 0.006 -27"><span class='ocrx_word' id='word_1_79' title='bbox 68 1787 70 1796; x_wconf 77' lang='grc'>’</span> <span class='ocrx_word' id='word_1_80' title='bbox 140 1791 276 1859; x_wconf 85' lang='lat' dir='ltr'><strong>veniri</strong></span> <span class='ocrx_word' id='word_1_81' title='bbox 292 1794 426 1878; x_wconf 81' lang='lat' dir='ltr'><strong>possit.</strong></span> <span class='ocrx_word' id='word_1_82' title='bbox 448 1789 689 1860; x_wconf 84' lang='lat' dir='ltr'><strong>Tendinosus</strong></span> <span class='ocrx_word' id='word_1_83' title='bbox 712 1793 836 1857; x_wconf 87' lang='lat' dir='ltr'><strong>oritur</strong></span> <span class='ocrx_word' id='word_1_84' title='bbox 856 1810 900 1857; x_wconf 83' lang='lat' dir='ltr'><strong>ex</strong></span> <span class='ocrx_word' id='word_1_85' title='bbox 917 1795 1096 1880; x_wconf 78' lang='lat' dir='ltr'><strong>angulari</strong></span> <span class='ocrx_word' id='word_1_86' title='bbox 1118 1799 1193 1882; x_wconf 85' lang='lat' dir='ltr'><strong>spi</strong></span> 
     </span>
     <span class='ocr_line' id='line_1_15' title="bbox 139 1892 1192 1980; baseline 0.006 -22"><span class='ocrx_word' id='word_1_87' title='bbox 139 1908 196 1958; x_wconf 83' lang='lat' dir='ltr'><strong>na</strong></span> <span class='ocrx_word' id='word_1_88' title='bbox 219 1895 314 1959; x_wconf 87' lang='lat' dir='ltr'><strong>ossis</strong></span> <span class='ocrx_word' id='word_1_89' title='bbox 344 1893 590 1980; x_wconf 87' lang='lat' dir='ltr'><strong>sphsooidei,</strong></span> <span class='ocrx_word' id='word_1_90' title='bbox 620 1892 794 1980; x_wconf 81' lang='lat' dir='ltr'><strong>procedit</strong></span> <span class='ocrx_word' id='word_1_91' title='bbox 812 1896 882 1960; x_wconf 87' lang='lat' dir='ltr'><strong>sub</strong></span> <span class='ocrx_word' id='word_1_92' title='bbox 903 1896 1192 1964; x_wconf 81' lang='lat' dir='ltr'><strong>fissuraGlsse·</strong></span> 
     </span>
     <span class='ocr_line' id='line_1_16' title="bbox 143 1995 1193 2088; baseline 0.009 -29"><span class='ocrx_word' id='word_1_93' title='bbox 143 1995 181 2060; x_wconf 91' lang='lat' dir='ltr'><strong>ri</strong></span> <span class='ocrx_word' id='word_1_94' title='bbox 208 1995 363 2088; x_wconf 85' lang='lat' dir='ltr'><strong>oblique</strong></span> <span class='ocrx_word' id='word_1_95' title='bbox 387 2003 627 2080; x_wconf 79' lang='lat' dir='ltr'><strong>extrorsum,</strong></span> <span class='ocrx_word' id='word_1_96' title='bbox 653 2017 801 2088; x_wconf 87' lang='lat' dir='ltr'><strong>perque</strong></span> <span class='ocrx_word' id='word_1_97' title='bbox 821 2007 1069 2086; x_wconf 80' lang='lat' dir='ltr'><strong>aperturam,</strong></span> <span class='ocrx_word' id='word_1_98' title='bbox 1089 2002 1193 2068; x_wconf 81' lang='lat' dir='ltr'><strong>intre</strong></span> 
     </span>
     <span class='ocr_line' id='line_1_17' title="bbox 71 2083 1194 2189; baseline 0.006 -23"><span class='ocrx_word' id='word_1_99' title='bbox 71 2083 74 2094; x_wconf 69' lang='grc'><strong>’</strong></span> <span class='ocrx_word' id='word_1_100' title='bbox 141 2109 343 2183; x_wconf 80' lang='lat' dir='ltr'><strong>petrosum</strong></span> <span class='ocrx_word' id='word_1_101' title='bbox 364 2108 402 2166; x_wconf 89' lang='lat' dir='ltr'><strong>et</strong></span> <span class='ocrx_word' id='word_1_102' title='bbox 424 2121 672 2187; x_wconf 78' lang='lat' dir='ltr'><strong>squamosum</strong></span> <span class='ocrx_word' id='word_1_103' title='bbox 696 2101 1012 2182; x_wconf 80' lang='lat' dir='ltr'><strong>coexistentem,</strong></span> <span class='ocrx_word' id='word_1_104' title='bbox 1036 2105 1194 2189; x_wconf 83' lang='lat' dir='ltr'><strong>longum</strong></span> 
     </span>
     <span class='ocr_line' id='line_1_18' title="bbox 141 2197 1194 2291; baseline 0.006 -24"><span class='ocrx_word' id='word_1_105' title='bbox 141 2203 280 2270; x_wconf 86' lang='lat' dir='ltr'><strong>mallei</strong></span> <span class='ocrx_word' id='word_1_106' title='bbox 299 2223 516 2290; x_wconf 86' lang='lat' dir='ltr'><strong>processum</strong></span> <span class='ocrx_word' id='word_1_107' title='bbox 539 2204 691 2269; x_wconf 79' lang='lat' dir='ltr'><strong>adcedit</strong></span> <span class='ocrx_word' id='word_1_108' title='bbox 703 2247 714 2280; x_wconf 89' lang='lat'><strong>,</strong></span> <span class='ocrx_word' id='word_1_109' title='bbox 739 2210 777 2268; x_wconf 86' lang='lat' dir='ltr'><strong>et</strong></span> <span class='ocrx_word' id='word_1_110' title='bbox 799 2197 977 2270; x_wconf 80' lang='lat' dir='ltr'><strong>cohaeret</strong></span> <span class='ocrx_word' id='word_1_111' title='bbox 991 2207 1099 2291; x_wconf 85' lang='lat' dir='ltr'><strong>eiu).</strong></span> <span class='ocrx_word' id='word_1_112' title='bbox 1119 2207 1194 2273; x_wconf 84' lang='lat' dir='ltr'><strong>Ad-</strong></span> 
     </span>
     <span class='ocr_line' id='line_1_19' title="bbox 140 2299 1193 2404; baseline 0.006 -35"><span class='ocrx_word' id='word_1_113' title='bbox 140 2307 271 2374; x_wconf 87' lang='lat' dir='ltr'><strong>trahit</strong></span> <span class='ocrx_word' id='word_1_114' title='bbox 292 2309 478 2373; x_wconf 86' lang='lat' dir='ltr'><strong>malleum</strong></span> <span class='ocrx_word' id='word_1_115' title='bbox 494 2327 624 2371; x_wconf 86' lang='lat' dir='ltr'><strong>versus</strong></span> <span class='ocrx_word' id='word_1_116' title='bbox 637 2299 809 2371; x_wconf 81' lang='lat' dir='ltr'><strong>meatum</strong></span> <span class='ocrx_word' id='word_1_117' title='bbox 824 2312 1025 2371; x_wconf 79' lang='lat' dir='ltr'><strong>externum</strong></span> <span class='ocrx_word' id='word_1_118' title='bbox 1040 2351 1051 2386; x_wconf 94' lang='lat'><strong>,</strong></span> <span class='ocrx_word' id='word_1_119' title='bbox 1072 2319 1110 2374; x_wconf 89' lang='lat' dir='ltr'><strong>et</strong></span> <span class='ocrx_word' id='word_1_120' title='bbox 1137 2314 1193 2404; x_wconf 67' lang='lat'><strong>¹²:</strong></span> 
     </span>
     <span class='ocr_line' id='line_1_20' title="bbox 130 2409 1249 2496; baseline -0.003 -21"><span class='ocrx_word' id='word_1_121' title='bbox 130 2415 212 2475; x_wconf 81' lang='lat' dir='ltr'><strong>¹uat</strong></span> <span class='ocrx_word' id='word_1_122' title='bbox 234 2409 416 2496; x_wconf 83' lang='lat' dir='ltr'><strong>tympani</strong></span> <span class='ocrx_word' id='word_1_123' title='bbox 435 2409 717 2476; x_wconf 82' lang='lat' dir='ltr'><strong>membranam·</strong></span> <span class='ocrx_word' id='word_1_124' title='bbox 735 2411 784 2474; x_wconf 91' lang='grc' dir='ltr'><strong>Μ.</strong></span> <span class='ocrx_word' id='word_1_125' title='bbox 804 2414 921 2496; x_wconf 80' lang='lat' dir='ltr'><strong>step</strong></span> <span class='ocrx_word' id='word_1_126' title='bbox 935 2431 953 2474; x_wconf 91' lang='lat' dir='ltr'><strong>e</strong></span> <span class='ocrx_word' id='word_1_127' title='bbox 968 2409 990 2475; x_wconf 88' lang='lat' dir='ltr'>d</span> <span class='ocrx_word' id='word_1_128' title='bbox 1004 2411 1102 2488; x_wconf 88' lang='lat' dir='ltr'><strong>ius,</strong></span> <span class='ocrx_word' id='word_1_129' title='bbox 1122 2413 1195 2477; x_wconf 88' lang='lat' dir='ltr'><strong>mi.</strong></span> <span class='ocrx_word' id='word_1_130' title='bbox 1247 2461 1249 2466; x_wconf 95' lang='lat'><em>.</em></span> 
     </span>
     <span class='ocr_line' id='line_1_21' title="bbox 139 2511 1194 2596; baseline 0.006 -20"><span class='ocrx_word' id='word_1_131' title='bbox 139 2517 274 2582; x_wconf 84' lang='lat' dir='ltr'><strong>nimus</strong></span> <span class='ocrx_word' id='word_1_132' title='bbox 307 2513 650 2596; x_wconf 80' lang='lat' dir='ltr'><strong>totiuscorporis,</strong></span> <span class='ocrx_word' id='word_1_133' title='bbox 682 2511 724 2576; x_wconf 91' lang='lat' dir='ltr'><strong>in</strong></span> <span class='ocrx_word' id='word_1_134' title='bbox 761 2513 932 2578; x_wconf 75' lang='lat' dir='ltr'><strong>cavitate</strong></span> <span class='ocrx_word' id='word_1_135' title='bbox 959 2514 1194 2582; x_wconf 84' lang='lat' dir='ltr'><strong>eminentiae</strong></span> 
     </span>
    </p>
   </div>
   <div class='ocr_carea' id='block_1_3' title="bbox 138 2613 1295 2702">
    <p class='ocr_par' dir='ltr' id='par_1_3' title="bbox 138 2613 1295 2702">
     <span class='ocr_line' id='line_1_22' title="bbox 138 2613 1295 2702; baseline 0.006 -26"><span class='ocrx_word' id='word_1_136' title='bbox 138 2615 348 2702; x_wconf 68' lang='lat' dir='ltr'><strong>pupillaris</strong></span> <span class='ocrx_word' id='word_1_137' title='bbox 365 2613 612 2692; x_wconf 85' lang='lat' dir='ltr'><strong>reconditus,</strong></span> <span class='ocrx_word' id='word_1_138' title='bbox 636 2613 839 2679; x_wconf 85' lang='lat' dir='ltr'><strong>tendinsm</strong></span> <span class='ocrx_word' id='word_1_139' title='bbox 868 2615 997 2679; x_wconf 88' lang='lat' dir='ltr'><strong>mittit</strong></span> <span class='ocrx_word' id='word_1_140' title='bbox 1020 2634 1088 2699; x_wconf 86' lang='lat' dir='ltr'><strong>per</strong></span> <span class='ocrx_word' id='word_1_141' title='bbox 1111 2619 1194 2700; x_wconf 86' lang='lat' dir='ltr'><strong>api·</strong></span> <span class='ocrx_word' id='word_1_142' title='bbox 1278 2647 1295 2696; x_wconf 61' lang='lat' dir='ltr'>g</span> 
     </span>
    </p>
   </div>
   <div class='ocr_carea' id='block_1_4' title="bbox 138 2709 1252 3924">
    <p class='ocr_par' dir='ltr' id='par_1_4' title="bbox 138 2709 1252 3924">
     <span class='ocr_line' id='line_1_23' title="bbox 142 2709 1252 2804; baseline 0.001 -25"><span class='ocrx_word' id='word_1_143' title='bbox 142 2717 195 2784; x_wconf 82' lang='lat' dir='ltr'><strong>cis</strong></span> <span class='ocrx_word' id='word_1_144' title='bbox 221 2717 303 2804; x_wconf 79' lang='lat' dir='ltr'><strong>eius</strong></span> <span class='ocrx_word' id='word_1_145' title='bbox 327 2717 563 2782; x_wconf 85' lang='lat' dir='ltr'><strong>eminentiss</strong></span> <span class='ocrx_word' id='word_1_146' title='bbox 595 2717 797 2794; x_wconf 83' lang='lat' dir='ltr'><strong>foramen,</strong></span> <span class='ocrx_word' id='word_1_147' title='bbox 826 2709 1192 2801; x_wconf 80' lang='lat' dir='ltr'><strong>stapedis.cepitulo</strong></span> <span class='ocrx_word' id='word_1_148' title='bbox 1248 2769 1252 2780; x_wconf 95' lang='lat'>.</span> 
     </span>
     <span class='ocr_line' id='line_1_24' title="bbox 141 2819 1191 2916; baseline -0.001 -26"><span class='ocrx_word' id='word_1_149' title='bbox 141 2819 408 2916; x_wconf 16' lang='lat' dir='ltr'><strong>insertumxv).</strong></span> <span class='ocrx_word' id='word_1_150' title='bbox 432 2825 530 2888; x_wconf 90' lang='lat' dir='ltr'><strong>Dum</strong></span> <span class='ocrx_word' id='word_1_151' title='bbox 540 2823 625 2908; x_wconf 82' lang='lat' dir='ltr'><strong>egit</strong></span> <span class='ocrx_word' id='word_1_152' title='bbox 639 2868 650 2902; x_wconf 95' lang='lat'><strong>,</strong></span> <span class='ocrx_word' id='word_1_153' title='bbox 673 2819 785 2888; x_wconf 82' lang='lat' dir='ltr'><strong>basin</strong></span> <span class='ocrx_word' id='word_1_154' title='bbox 803 2819 971 2908; x_wconf 76' lang='lat' dir='ltr'><strong>stepedis</strong></span> <span class='ocrx_word' id='word_1_155' title='bbox 985 2845 1113 2890; x_wconf 80' lang='lat' dir='ltr'><strong>versus</strong></span> <span class='ocrx_word' id='word_1_156' title='bbox 1127 2846 1191 2891; x_wconf 83' lang='lat' dir='ltr'><strong>ve·</strong></span> 
     </span>
     <span class='ocr_line' id='line_1_25' title="bbox 138 2923 1191 3015; baseline 0.008 -23"><span class='ocrx_word' id='word_1_157' title='bbox 138 2927 328 2996; x_wconf 86' lang='lat' dir='ltr'><strong>stibulurn</strong></span> <span class='ocrx_word' id='word_1_158' title='bbox 352 2929 499 3005; x_wconf 85' lang='lat' dir='ltr'><strong>trahit,</strong></span> <span class='ocrx_word' id='word_1_159' title='bbox 539 2933 670 3015; x_wconf 86' lang='lat' dir='ltr'><strong>estque</strong></span> <span class='ocrx_word' id='word_1_160' title='bbox 695 2923 845 2992; x_wconf 78' lang='lat' dir='ltr'><strong>tonsori</strong></span> <span class='ocrx_word' id='word_1_161' title='bbox 862 2927 1045 3014; x_wconf 88' lang='lat' dir='ltr'><strong>tympani</strong></span> <span class='ocrx_word' id='word_1_162' title='bbox 1065 2928 1191 3000; x_wconf 80' lang='lat' dir='ltr'><strong>admi·</strong></span> 
     </span>
     <span class='ocr_line' id='line_1_26' title="bbox 142 3027 1245 3118; baseline 0.002 -22"><span class='ocrx_word' id='word_1_163' title='bbox 142 3031 290 3102; x_wconf 83' lang='lat' dir='ltr'><strong>niculo.</strong></span> <span class='ocrx_word' id='word_1_164' title='bbox 319 3029 490 3118; x_wconf 85' lang='lat' dir='ltr'><strong>Denique</strong></span> <span class='ocrx_word' id='word_1_165' title='bbox 514 3035 572 3095; x_wconf 86' lang='lat' dir='ltr'><strong>est</strong></span> <span class='ocrx_word' id='word_1_166' title='bbox 592 3047 642 3092; x_wconf 90' lang='lat' dir='ltr'><strong>m.</strong></span> <span class='ocrx_word' id='word_1_167' title='bbox 670 3027 882 3096; x_wconf 83' lang='lat' dir='ltr'><strong>laxator</strong></span> <span class='ocrx_word' id='word_1_168' title='bbox 906 3029 1141 3116; x_wconf 83' lang='lat' dir='ltr'><strong>tympani</strong></span> <span class='ocrx_word' id='word_1_169' title='bbox 1161 3053 1192 3106; x_wconf 83' lang='lat' dir='ltr'><strong>s.</strong></span> <span class='ocrx_word' id='word_1_170' title='bbox 1244 3073 1245 3078; x_wconf 21' lang='grc' dir='ltr'><strong>κ</strong></span> 
     </span>
     <span class='ocr_line' id='line_1_27' title="bbox 141 3131 1189 3218; baseline -0.001 -14"><span class='ocrx_word' id='word_1_171' title='bbox 141 3135 328 3206; x_wconf 84' lang='lat' dir='ltr'><strong>mallei</strong></span> <span class='ocrx_word' id='word_1_172' title='bbox 352 3139 597 3200; x_wconf 85' lang='lat' dir='ltr'><strong>externus</strong></span> <span class='ocrx_word' id='word_1_173' title='bbox 620 3131 860 3214; x_wconf 78' lang='lat' dir='ltr'><strong>Oa&#39;sserii,</strong></span> <span class='ocrx_word' id='word_1_174' title='bbox 885 3132 952 3218; x_wconf 91' lang='lat' dir='ltr'><strong>qui</strong></span> <span class='ocrx_word' id='word_1_175' title='bbox 975 3133 1189 3218; x_wconf 88' lang='lat' dir='ltr'><strong>plurimum</strong></span> 
     </span>
     <span class='ocr_line' id='line_1_28' title="bbox 145 3223 1192 3318; baseline 0 -14"><span class='ocrx_word' id='word_1_176' title='bbox 145 3223 401 3310; x_wconf 82' lang='lat' dir='ltr'><strong>desideratur.</strong></span> <span class='ocrx_word' id='word_1_177' title='bbox 423 3235 555 3302; x_wconf 89' lang='lat' dir='ltr'><strong>Oritur</strong></span> <span class='ocrx_word' id='word_1_178' title='bbox 573 3254 596 3299; x_wconf 82' lang='lat' dir='ltr'><strong>s</strong></span> <span class='ocrx_word' id='word_1_179' title='bbox 610 3236 804 3318; x_wconf 90' lang='lat' dir='ltr'><strong>superiore</strong></span> <span class='ocrx_word' id='word_1_180' title='bbox 826 3241 976 3301; x_wconf 86' lang='lat' dir='ltr'><strong>meatus</strong></span> <span class='ocrx_word' id='word_1_181' title='bbox 1002 3236 1192 3304; x_wconf 83' lang='lat' dir='ltr'><strong>auditorii</strong></span> 
     </span>
     <span class='ocr_line' id='line_1_29' title="bbox 144 3336 1193 3429; baseline 0.004 -23"><span class='ocrx_word' id='word_1_182' title='bbox 144 3347 280 3428; x_wconf 85' lang='lat' dir='ltr'><strong>parts,</strong></span> <span class='ocrx_word' id='word_1_183' title='bbox 316 3360 390 3429; x_wconf 90' lang='lat' dir='ltr'><strong>qua</strong></span> <span class='ocrx_word' id='word_1_184' title='bbox 412 3336 639 3402; x_wconf 79' lang='lat' dir='ltr'><strong>membrana</strong></span> <span class='ocrx_word' id='word_1_185' title='bbox 661 3343 678 3401; x_wconf 89' lang='lat' dir='ltr'><strong>t</strong></span> <span class='ocrx_word' id='word_1_186' title='bbox 683 3338 842 3424; x_wconf 65' lang='lat' dir='ltr'><strong>,vmpeni</strong></span> <span class='ocrx_word' id='word_1_187' title='bbox 870 3337 1080 3421; x_wconf 85' lang='lat' dir='ltr'><strong>inseritur,</strong></span> <span class='ocrx_word' id='word_1_188' title='bbox 1106 3364 1193 3428; x_wconf 87' lang='lat' dir='ltr'><strong>pro·</strong></span> 
     </span>
     <span class='ocr_line' id='line_1_30' title="bbox 143 3441 1190 3528; baseline 0.004 -20"><span class='ocrx_word' id='word_1_189' title='bbox 143 3445 279 3512; x_wconf 89' lang='lat' dir='ltr'><strong>cedit</strong></span> <span class='ocrx_word' id='word_1_190' title='bbox 268 3463 311 3510; x_wconf 87' lang='lat' dir='ltr'><strong>m</strong></span> <span class='ocrx_word' id='word_1_191' title='bbox 337 3441 530 3527; x_wconf 80' lang='lat' dir='ltr'><strong>superiore</strong></span> <span class='ocrx_word' id='word_1_192' title='bbox 557 3443 732 3528; x_wconf 84' lang='lat' dir='ltr'><strong>margine</strong></span> <span class='ocrx_word' id='word_1_193' title='bbox 749 3442 829 3524; x_wconf 85' lang='lat' dir='ltr'><strong>eius</strong></span> <span class='ocrx_word' id='word_1_194' title='bbox 850 3442 1033 3524; x_wconf 84' lang='lat' dir='ltr'><strong>tunicae,</strong></span> <span class='ocrx_word' id='word_1_195' title='bbox 1062 3451 1190 3512; x_wconf 85' lang='lat' dir='ltr'><strong>trans·</strong></span> 
     </span>
     <span class='ocr_line' id='line_1_31' title="bbox 147 3549 1190 3648; baseline 0.004 -34"><span class='ocrx_word' id='word_1_196' title='bbox 147 3551 181 3614; x_wconf 89' lang='lat' dir='ltr'><strong>it</strong></span> <span class='ocrx_word' id='word_1_197' title='bbox 206 3551 304 3617; x_wconf 88' lang='lat' dir='ltr'><strong>sulci</strong></span> <span class='ocrx_word' id='word_1_198' title='bbox 336 3550 416 3629; x_wconf 83' lang='lat' dir='ltr'><strong>sius</strong></span> <span class='ocrx_word' id='word_1_199' title='bbox 440 3549 792 3656; x_wconf 80' lang='lat' dir='ltr'><strong>intercapedinem,</strong></span> <span class='ocrx_word' id='word_1_200' title='bbox 822 3556 860 3615; x_wconf 88' lang='lat' dir='ltr'><strong>et</strong></span> <span class='ocrx_word' id='word_1_201' title='bbox 882 3550 1008 3618; x_wconf 89' lang='lat' dir='ltr'><strong>mittit</strong></span> <span class='ocrx_word' id='word_1_202' title='bbox 1035 3558 1190 3626; x_wconf 84' lang='lat' dir='ltr'><strong>tenuem</strong></span> 
     </span>
     <span class='ocr_line' id='line_1_32' title="bbox 146 3641 1211 3744; baseline 0.009 -28"><span class='ocrx_word' id='word_1_203' title='bbox 146 3652 346 3718; x_wconf 86' lang='lat' dir='ltr'><strong>tendioem</strong></span> <span class='ocrx_word' id='word_1_204' title='bbox 368 3656 416 3720; x_wconf 82' lang='lat' dir='ltr'><strong>sd</strong></span> <span class='ocrx_word' id='word_1_205' title='bbox 436 3653 622 3718; x_wconf 84' lang='lat' dir='ltr'><strong>malleum</strong></span> <span class='ocrx_word' id='word_1_206' title='bbox 634 3696 647 3730; x_wconf 93' lang='lat'><strong>,</strong></span> <span class='ocrx_word' id='word_1_207' title='bbox 670 3641 737 3738; x_wconf 81' lang='lat' dir='ltr'><strong>qui</strong></span> <span class='ocrx_word' id='word_1_208' title='bbox 757 3648 804 3716; x_wconf 84' lang='lat' dir='ltr'><strong>ad</strong></span> <span class='ocrx_word' id='word_1_209' title='bbox 822 3643 978 3720; x_wconf 88' lang='lat' dir='ltr'><strong>brevem</strong></span> <span class='ocrx_word' id='word_1_210' title='bbox 999 3657 1078 3737; x_wconf 82' lang='lat' dir='ltr'><strong>eius</strong></span> <span class='ocrx_word' id='word_1_211' title='bbox 1097 3675 1211 3744; x_wconf 60' lang='lat' dir='ltr'><strong>pro-1</strong></span> 
     </span>
     <span class='ocr_line' id='line_1_33' title="bbox 146 3745 943 3845; baseline 0.003 -23"><span class='ocrx_word' id='word_1_212' title='bbox 146 3775 293 3826; x_wconf 86' lang='lat' dir='ltr'><strong>cessum</strong></span> <span class='ocrx_word' id='word_1_213' title='bbox 314 3759 357 3824; x_wconf 88' lang='lat' dir='ltr'><strong>in</strong></span> <span class='ocrx_word' id='word_1_214' title='bbox 378 3745 627 3824; x_wconf 83' lang='lat' dir='ltr'><strong>manubrium</strong></span> <span class='ocrx_word' id='word_1_215' title='bbox 650 3759 835 3826; x_wconf 84' lang='lat' dir='ltr'><strong>inseritur</strong></span> <span class='ocrx_word' id='word_1_216' title='bbox 850 3762 943 3845; x_wconf 84' lang='lat' dir='ltr'><strong>x).</strong></span> 
     </span>
     <span class='ocr_line' id='line_1_34' title="bbox 808 3885 824 3924; baseline 0 0"><span class='ocrx_word' id='word_1_217' title='bbox 808 3885 824 3924; x_wconf 60' lang='grc' dir='ltr'><strong>Χ</strong></span> 
     </span>
    </p>
   </div>
   <div class='ocr_carea' id='block_1_5' title="bbox 127 3955 1264 4171">
    <p class='ocr_par' dir='ltr' id='par_1_5' title="bbox 127 3955 1264 4171">
     <span class='ocr_line' id='line_1_35' title="bbox 127 3955 1188 4046; baseline 0.009 -26"><span class='ocrx_word' id='word_1_218' title='bbox 127 4023 132 4030; x_wconf 69' lang='grc'><em>,</em></span> <span class='ocrx_word' id='word_1_219' title='bbox 247 3970 280 4038; x_wconf 64' lang='grc' dir='ltr'><strong>ι)</strong></span> <span class='ocrx_word' id='word_1_220' title='bbox 292 3965 474 4023; x_wconf 64' lang='lat' dir='ltr'><strong>austures</strong></span> <span class='ocrx_word' id='word_1_221' title='bbox 494 3967 705 4028; x_wconf 67' lang='lat' dir='ltr'><strong>aeramnae.</strong></span> <span class='ocrx_word' id='word_1_222' title='bbox 720 3967 789 4024; x_wconf 74' lang='lat' dir='ltr'><strong>oth.</strong></span> <span class='ocrx_word' id='word_1_223' title='bbox 804 3955 855 4028; x_wconf 79' lang='lat' dir='ltr'><strong>tv.</strong></span> <span class='ocrx_word' id='word_1_224' title='bbox 874 3968 949 4028; x_wconf 72' lang='lat' dir='ltr'><strong>uss.</strong></span> <span class='ocrx_word' id='word_1_225' title='bbox 958 3970 982 4029; x_wconf 86' lang='lat'><strong>1.</strong></span> <span class='ocrx_word' id='word_1_226' title='bbox 999 3969 1067 4046; x_wconf 69' lang='lat' dir='ltr'><strong>rgg.</strong></span> <span class='ocrx_word' id='word_1_227' title='bbox 1084 3970 1145 4028; x_wconf 64' lang='lat' dir='ltr'><strong>us.</strong></span> <span class='ocrx_word' id='word_1_228' title='bbox 1157 3973 1188 4042; x_wconf 74' lang='lat'><strong>4.</strong></span> 
     </span>
     <span class='ocr_line' id='line_1_36' title="bbox 209 4060 1264 4171; baseline 0.024 -49"><span class='ocrx_word' id='word_1_229' title='bbox 209 4102 247 4122; x_wconf 88' lang='lat'><strong>..</strong></span> <span class='ocrx_word' id='word_1_230' title='bbox 263 4060 550 4132; x_wconf 70' lang='lat' dir='ltr'><strong>succurramus</strong></span> <span class='ocrx_word' id='word_1_231' title='bbox 574 4073 722 4143; x_wconf 60' lang='lat' dir='ltr'><strong>suhites,</strong></span> <span class='ocrx_word' id='word_1_232' title='bbox 742 4075 774 4143; x_wconf 74' lang='lat' dir='ltr'><strong>c.</strong></span> <span class='ocrx_word' id='word_1_233' title='bbox 788 4093 827 4136; x_wconf 80' lang='lat' dir='ltr'><strong>m.</strong></span> <span class='ocrx_word' id='word_1_234' title='bbox 845 4075 1136 4154; x_wconf 58' lang='lat' dir='ltr'><strong>etcorporum.</strong></span> <span class='ocrx_word' id='word_1_235' title='bbox 1148 4080 1188 4148; x_wconf 80' lang='lat'><strong>11.</strong></span> <span class='ocrx_word' id='word_1_236' title='bbox 1260 4161 1264 4171; x_wconf 19' lang='grc' dir='ltr'>ἱ</span> 
     </span>
    </p>
   </div>
   <div class='ocr_carea' id='block_1_6' title="bbox 131 4183 402 4261">
    <p class='ocr_par' dir='ltr' id='par_1_6' title="bbox 131 4183 402 4261">
     <span class='ocr_line' id='line_1_37' title="bbox 131 4183 402 4261; baseline 0 -21"><span class='ocrx_word' id='word_1_237' title='bbox 131 4237 135 4244; x_wconf 90' lang='grc'>,</span> <span class='ocrx_word' id='word_1_238' title='bbox 213 4183 285 4261; x_wconf 65' lang='lat'>1135.</span> <span class='ocrx_word' id='word_1_239' title='bbox 300 4197 402 4250; x_wconf 58' lang='lat' dir='ltr'><strong>soar·</strong></span> 
     </span>
    </p>
   </div>
   <div class='ocr_carea' id='block_1_7' title="bbox 0 0 1459 5002">
    <p class='ocr_par' dir='ltr' id='par_1_7' title="bbox 0 0 1459 5002">
     <span class='ocr_line' id='line_1_38' title="bbox 0 0 1459 5002; baseline 0 0"><span class='ocrx_word' id='word_1_240' title='bbox 0 0 1459 5002; x_wconf 95' lang='lat' dir='ltr'><strong> </strong></span> 
     </span>
    </p>
   </div>
  </div>
 </body>
</html>
