2898 4996
30 409 32 458 l
99 357 102 369 ¹
154 399 273 466 spor.
295 349 323 460 l.
347 392 603 460 Stsrlirdstls
626 383 865 448 obstitistis
888 381 1061 481 gallilea
1107 383 1188 452 ¹73·

206 535 475 605 Mullusce
495 515 994 608 acephaladuogsrunt
1012 511 1173 598 ganglia

112 645 221 710 circa
236 660 301 714 os,
320 655 389 722 per
409 636 543 715 longos
554 625 754 694 fasciculos
775 617 1008 686 medullam
1029 634 1170 684 conne-

114 767 180 812 xa.
217 745 272 808 Ex
297 741 346 806 iis
377 741 509 802 autem
539 729 705 817 gengliis
737 725 868 790 cuncti
896 723 1177 806 subnascuntur
1261 751 1267 762 ·

110 847 256 921 nervi,
288 843 354 930 qui
374 839 527 904 varium
552 835 593 900 in
616 823 775 900 diversis
797 828 999 916 speciebus
1026 823 1175 894 hebent

115 943 411 1028 decursurus).
465 969 468 975 ·

210 1089 358 1150 cruat
371 1102 394 1146 a
407 1099 510 1159 cea,
550 1074 584 1144 si
604 1090 812 1140 nervorum
833 1073 1026 1156 spectetur
1047 1077 1172 1158 syste-

116 1209 212 1266 ma,
255 1205 342 1250 cum
371 1181 528 1248 insectis
558 1178 728 1244 multum
765 1177 996 1257 congruunt.
1038 1171 1179 1238 Generi
1293 1227 1298 1244 ,
1416 1177 1418 1184 ”

118 1287 358 1380 quadrilobo
377 1282 549 1370 gaudent
566 1279 746 1354 cerebro,
772 1295 879 1362 equo
897 1271 1008 1340 nervi
1027 1271 1175 1357 optici,

116 1382 803 1484 palp‘00rumstcaelarumorinntur
835 1377 1091 1464 Aposteriore
1110 1397 1179 1446 en-

118 1496 285 1586 cephali
307 1491 483 1575 margine
513 1485 689 1552 fasciculi
716 1485 897 1550 oriuntur
918 1479 1079 1560 nervei,
1109 1482 1178 1568 qui

121 1607 237 1674 inira
249 1593 540 1668 ventriculum
528 1589 766 1678 ruganglion
786 1589 1016 1672 oblongum,
1050 1591 1087 1649 et
1107 1605 1178 1670 po·

124 1715 329 1786 strorsum
342 1719 475 1770 versus
492 1696 535 1762 in
549 1693 719 1784 quinque
731 1693 992 1758 intumescunt
1011 1691 1181 1776 ganglia.
1260 1677 1263 1687 ’

121 1813 179 1880 Ex
191 1796 386 1878 iis'autem
408 1799 597 1888 gangliis,
614 1814 710 1884 quae
731 1795 774 1859 in
795 1793 990 1878 speciebus
1013 1792 1176 1858 diversis
1216 1809 1222 1826 ·

128 1929 299 1980 numero
310 1907 489 1985 varient,
511 1919 644 1968 omnes
664 1898 948 1967 subnascuntur
960 1896 1081 1962 totius
1095 1913 1178 1968 cor·

127 2015 241 2104 poris
262 1987 370 2080 nervi
387 2010 445 2092 g).
1150 2000 1162 2031 '

218 2151 424 2220 Cerebrum
443 2145 675 2234 piscium
695 2142 816 2210 cranii
837 2121 993 2209 caveam
1015 2161 1086 2232 pro
1108 2141 1182 2208 mi·

126 2277 225 2325 nore
248 2259 404 2321 tantum
424 2249 564 2333 implet
585 2251 718 2333 partes
733 2247 845 2311 intre
875 2243 1010 2312 duram
1031 2245 1182 2312 manin·
1205 2299 1216 2318 „

30 2415 31 2418 ,
131 2381 223 2450 gem
245 2355 348 2422 enim
372 2357 412 2418 et
430 2351 671 2421 vasculorum
703 2347 971 2414 membranam
1004 2350 1183 2440 copiosus

132 2464 358 2533 continetur
391 2457 527 2522 humor
557 2457 718 2523 oleoso·
731 2453 989 2540 gelatinosus,
1029 2473 1185 2522 mucoso

135 2566 308 2656 quodam
325 2568 435 2630 textu
466 2560 688 2635 involutus,
715 2557 868 2642 insigne
887 2577 1075 2642 occupans
1095 2579 1186 2644 spa·

106 2672 255 2753 ¹tium
287 2663 514 2749 Superficies
542 2661 691 2726 cerebri
717 2660 822 2746 gyris
852 2655 1108 2739 destituitur,
1147 2667 1187 2728 et

138 2776 294 2848 constet
325 2766 487 2854 quodvis
517 2764 847 2848 hemisphaerium
872 2763 973 2830 lobia
1004 2763 1188 2848 pluribus

133 2899 202 2946 seu
238 2872 431 2960 gangliis,
462 2870 571 2954 juxta
608 2868 747 2934 seriem
776 2861 990 2935 collocatis.
1033 2865 1185 2932 Adsunt

138 2980 361 3049 constanter
378 2971 670 3056 hemisphaeria
682 2969 813 3038 duom
824 2967 1057 3054 piscibus,
1042 2968 1185 3084 inqui
1200 2995 1205 3004 ·

134 3085 208 3154 bus
228 3075 442 3148 ventriculi
462 3075 643 3144 laterales
665 3072 894 3149 existunt;
882 3092 923 3136 ιιι
944 3051 1065 3138 fundo
1091 3092 1186 3140 ven·

148 3191 382 3258 triculnrum
421 3181 634 3254 eminentie
670 3180 805 3254 adest,
844 3197 930 3242 cum
956 3177 1188 3262 corporibus

135 3292 312 3362 striatis'
314 3303 548 3376 congruens,
571 3281 741 3356 colliculi
763 3279 884 3372 optici
919 3281 1023 3346 inira
1052 3283 1186 3348 hemi

102 3450 107 3458 .
139 3395 324 3484 sphaeris
342 3392 592 3461 collocantur
615 3384 854 3452 Cerebellum
873 3384 1038 3450 relative
1062 3385 1191 3470 maius

141 3507 199 3568 est
220 3516 337 3586 quem
356 3496 398 3562 in
397 3488 654 3560 animalibus
676 3487 794 3554 calidi
815 3487 1033 3570 sanguinis,
1067 3495 1106 3554 et
1124 3511 1192 3568 sna

139 3608 252 3690 perat
268 3620 350 3668 non
367 3617 455 3664 raro
478 3594 578 3660 mole
608 3612 680 3659 sua
708 3593 855 3658 cerebri
879 3591 1189 3676 hemisphaeria.

140 3701 496 3779 Postcerebellum,
514 3696 563 3763 ad
576 3693 769 3762 medullae
787 3697 1019 3779 oblongetae
1040 3701 1187 3772 ortum,

105 3808 324 3898 ‘utrinque
362 3803 519 3892 ganglia
546 3801 795 3886 potissimum
824 3797 991 3892 adsunt,
1022 3796 1186 3881 insignis
1278 3795 1280 3800 ’

141 3931 253 3998 saepe
281 3905 581 3996 magnitudinis,
602 3904 778 3988 pluribus
799 3920 1004 3967 nervorum
1026 3900 1187 3983 paribus

145 4023 275 4084 ortum
296 4009 536 4099 praebentia.
571 4009 842 4092 Nonnunquam
875 4002 1059 4088 ganglion
1079 4000 1196 4066 adest·

144 4104 343 4197 mediani,
371 4118 518 4200 impar,
549 4111 818 4178 secundarium
840 4110 919 4174 fere
942 4106 1187 4176 cerebellum.

144 4224 200 4292 Ad
229 4220 418 4312 originem
450 4237 657 4288 nervorum
696 4214 989 4284 olfactoriorusn
1031 4212 1190 4300 ganglia
