2904 5002
178 371 294 444 eree.
326 369 388 444 lv.
416 373 475 443 Dr
497 385 656 444 euurru.
678 373 743 488 tlt.
775 391 942 450 ecrrrue
970 395 1072 454 rm.
1116 393 1180 472 449

446 540 717 614 crucemve
740 529 869 618 mes
981 534 985 543 ’

588 737 617 812 t·
646 749 723 820 5³2·

276 891 471 1024 touiin
509 937 679 986 curem
716 909 1031 1000 incidenter.

227 1079 411 1168 Quemvie
432 1081 521 1150 coni
540 1101 606 1170 per
622 1106 703 1152 cere
725 1087 865 1176 cepitis
889 1097 927 1158 et
940 1093 1081 1184 reliqui
1094 1115 1178 1166 cor·

118 1179 233 1268 perio
258 1181 306 1286 ed
326 1183 531 1282 interiores
551 1191 685 1274 organi
712 1193 866 1260 cuditur
887 1187 1014 1280 p'ertee
1036 1219 1176 1286 prope·

118 1283 214 1374 geri
249 1287 404 1372 pertint
439 1285 461 1375 (
481 1295 531 1368 σε.
560 1307 636 1375 522·
666 1293 795 1380 5o8.),
834 1297 1004 1380 potiores
1044 1307 1177 1372 temen

120 1407 265 1456 eurem
297 1397 499 1463 externum
523 1393 702 1472 euueuut,
725 1413 821 1482 quoe
846 1419 932 1467 cum
952 1409 1085 1470 meatu
1107 1391 1176 1486 ou·

114 1489 271 1562 ditorio
312 1497 452 1564 tubum
484 1495 592 1566 rictit
621 1502 857 1582 ecueticem,
897 1523 1053 1576 eonoree
1103 1531 1174 1578 un·
1219 1503 1222 1516 ⁴

108 1594 198 1664 dee
235 1605 579 1686 concentrentem,
609 1621 817 1694 vereueque
842 1611 1023 1696 tpmpeni
1052 1634 1175 1684 mem·

116 1695 290 1768 breuem
313 1699 567 1790 deducentem
588 1705 663 1790 (Η.
684 1723 758 1792 5co.
775 1709 805 1796 ),
827 1715 864 1778 et
889 1709 1075 1784 hectenue
1097 1719 1175 1788 ele·

117 1799 266 1868 etitem
286 1820 331 1870 ec
353 1805 651 1885 concinentem.
680 1815 723 1876 ut
746 1807 831 1896 ipee
854 1821 1087 1888 commoveri
1100 1865 1112 1904 ,
1135 1831 1176 1892 et

115 1923 352 1984 concurrere,
375 1907 538 1998 ronique
559 1911 641 1978 vim
663 1928 802 1998 engere
824 1917 960 2000 poerit.
982 1919 1074 1990 Seni
1099 1923 1174 2012 igi·

112 2017 187 2078 tur
217 2009 416 2094 primitivi
446 2017 484 2081 et
505 2011 638 2084 rederi
661 2011 716 2100 (ς.
734 2019 851 2104 m),
875 2039 942 2108 per
961 2024 1091 2093 adrem
1111 2034 1172 2096 et·

112 2113 430 2200 morpheerieum
445 2159 457 2198 ‚
481 2119 617 2204 utpote
650 2118 922 2188 conductorem
955 2121 1178 2198 coneuetie-v

49 2208 55 2222 ’
112 2217 262 2286 eimum
285 2215 348 2304 (ς.
367 2221 441 2304 528.
457 2220 490 2308 ),
513 2219 698 2288 redietim
724 2219 929 2310 propageti
960 2227 1020 2312 (ς,
1039 2249 1114 2318 527.
1130 2233 1176 2322 ),

7 2339 15 2357 .
111 2321 161 2393 in
186 2341 319 2390 eurem
341 2328 540 2390 externam
569 2323 759 2392 incidunt.
792 2326 892 2394 Heec
914 2333 1044 2426 eutem
1073 2331 1174 2404 ercii

110 2424 273 2516 piendie
293 2425 474 2512 plurimie
498 2424 618 2493 rediit
640 2429 789 2495 eonorie
809 2427 935 2518 figure
955 2450 1023 2502 rue
1044 2435 1177 2508 iniun-
1311 2483 1314 2500 ·

5 2557 13 2576 .
111 2531 363 2602 dibuliiormi
386 2529 535 2618 optime
574 2529 915 2617 reepondet,dum
948 2536 1173 2612 eminentiie

110 2634 198 2704 euie
222 2639 261 2702 et
284 2631 553 2704 cavationibue
577 2629 871 2724 dieeipctiouem
895 2653 1027 2706 eorum
1053 2637 1177 2730 impe.

109 2741 200 2820 dit,
230 2738 421 2828 eimuique
437 2737 676 2806 adminiculo
691 2745 771 2816 eet,
793 2758 869 2826 quo
900 2739 1026 2808 undae
1056 2761 1173 2814 cono.

108 2865 203 2919 ree,
225 2829 371 2911 e'verie
392 2840 602 2910 directione
628 2839 886 2927 copulenter,
907 2844 1172 2932 colligentur,

111 2959 327 3036 cereusque
350 2949 535 3016 conchem
569 2953 608 3012 et
632 2944 721 3012 inde
745 2945 787 3012 in
817 2954 987 3024 mertum
1015 2951 1173 3024 eudito.

109 3054 221 3124 rium
242 3045 471 3136 dirigentur.
515 3045 685 3116 Electice
707 3067 776 3115 rue
798 3049 860 3131 vi,
885 3053 1066 3122 murculie
1089 3056 1171 3125 euie

113 3161 254 3244 utique
283 3155 481 3243 eugenue,
506 3174 619 3222 eonor
649 3153 842 3238 intendit3
866 3145 1051 3226 ¹ridemur
1082 3157 1177 3226 hinc
1209 3182 1213 3191 ·

116 3262 312 3332 euriculee
338 3259 449 3328 teudi
463 3262 502 3325 et
517 3259 710 3346 exporrigi
726 3259 766 3327 in
788 3261 934 3340 bestiis,
960 3261 1027 3328 ubi
1047 3261 1174 3330 inteu-

119 3371 212 3442 dere
236 3369 411 3438 euditum
429 3371 594 3448 volunt,
631 3373 669 3436 et
695 3367 851 3438 videtur
873 3369 974 3438 idem
996 3372 1173 3440 obtinere

121 3473 369 3560 innomine,
397 3473 547 3544 minore
570 3476 702 3540 temen
724 3473 871 3560 gradu,
890 3473 957 3542 ubi
981 3495 1091 3542 eonor
1107 3473 1173 3541 de·

120 3575 283 3646 bilioree
311 3576 506 3660 percipere
536 3573 687 3644 nititur.
732 3577 852 3644 Molle
880 3551 1044 3664 denique
1069 3577 1173 3643 enrie

120 3685 162 3748 et
185 3685 333 3746 meatur
355 3679 626 3749 indumentum
648 3699 734 3748 curn
757 3680 870 3766 pilis,
895 3680 934 3746 in
955 3679 1170 3746 beatiorum

89 3767 98 3782 ⁹
116 3802 213 3854 eure
231 3783 434 3868 praecipue
455 3783 699 3887 lueigoibue,
720 3804 834 3855 eouoe
846 3786 1076 3870 trementer
1089 3803 1169 3850 mo·

115 3885 318 3960 decentor.
778 3914 782 3924 ·

203 4031 247 4096 Iu
268 4032 439 4097 mertum
462 4025 703 4133 auditorium
727 4029 847 4098 deleti
870 4026 973 4105 enni,
1003 4045 1087 4094 cum
1109 4047 1171 4098 ce·
1226 4081 1229 4088 ,

117 4131 224 4202 nelie
244 4131 342 4212 itte,
371 4130 625 4218 cartilaginea
659 4132 863 4221 praecipue
889 4137 927 4201 et
949 4152 1055 4199 oeeec
1082 4151 1173 4220 por·

113 4237 245 4314 tione,
272 4235 451 4306 elceticue
468 4237 547 4318 eit,
571 4255 656 4305 cum
681 4239 870 4304 interiore
890 4255 1019 4308 vercue
1044 4237 1085 4306 in
1109 4256 1171 4310 co·

154 4313 911 4412 urecoeecrruye101.nec.v0t.1v.
1029 4319 1091 4408 Fi
1156 4373 1181 4417 „
