2946 5000
114 325 117 336 ι
237 366 347 438 seer.
370 369 434 436 111.
456 371 516 436 Du
537 375 643 436 visu.
664 365 691 431 1.
716 377 872 432 ocolus
895 359 1047 435 visun'
1114 323 1225 456 '3³9’

148 511 291 582 iridem
322 511 489 578 tendunt
516 509 562 599 c).
582 511 624 574 in
645 511 717 576 bac
738 517 869 574 autem
891 511 1045 590 tunica,
1064 518 1108 578 ut
1128 517 1198 580 cel.
1284 575 1289 588 ,

151 623 321 685 Mrem
356 615 577 680 observavit
598 612 665 700 d),
694 616 803 678 nervi
827 615 949 680 iidem
977 617 1019 682 in
1041 619 1200 703 ganglia
1291 656 1295 673 ι

106 807 110 814 ¹
151 739 275 805 parva
299 718 583 795 intumescunt,
606 735 702 802 quas
713 715 871 780 filorum
890 719 1115 784 lateralium
1127 741 1200 806 ops

150 825 323 890 invicem
343 821 644 890 communicant.
693 821 929 903 serpentinis
955 825 1200 890 vasculorum

150 929 355 1003 ductibus,'
389 925 543 990 areolae
563 924 731 988 flavidae
753 938 818 990 aut
838 925 1008 1008 pallidae
1030 929 1200 1011 interpo-

153 1033 254 1098 sitae
279 1037 510 1105 cernuntur,
544 1049 564 1092 e
592 1027 672 1095 tela
702 1026 902 1109 cellulosa,
938 1046 1014 1113 qua
1038 1030 1198 1096 vascula

147 1133 566 1228 uniunturbformatae,
584 1117 905 1214 ettranspare'nte
917 1138 1001 1196 atro
1015 1133 1196 1216 pigmen·
1240 1165 1245 1203 ι

143 1241 184 1302 to
208 1239 411 1302 coloratae.
465 1234 727 1302 Observantur
750 1239 950 1316 praeterea
981 1235 1100 1316 strias
1135 1230 1196 1300 ra-

147 1339 279 1404 diatae
299 1344 340 1402 et
361 1337 627 1402 circularesin
651 1336 768 1410 iride,
792 1337 934 1419 injecto
947 1337 1111 1405 humore
1128 1361 1195 1404 ne·

151 1435 344 1530 quaquam
358 1438 564 1523 replendae
574 1480 585 1514 ,
608 1459 700 1523 quas
720 1441 942 1504 Ruvscnros
956 1441 1050 1506 olim
1062 1444 1196 1526 atplu·

147 1565 209 1609 ras
230 1543 444 1609 anatomici
457 1537 647 1624 profibris
667 1543 1194 1622 musculeribushabue'runt‚

144 1648 214 1713 alii
233 1663 324 1710 vero
355 1642 613 1708 oculatissimi
646 1643 780 1708 virise
802 1645 978 1710 invenire
999 1647 1103 1712 haud
1126 1667 1195 1732 po·

144 1750 266 1818 tuisse
286 1747 379 1810 fassi
394 1752 503 1824 sunt,
535 1753 602 1809 aut
613 1747 748 1815 saltem
763 1759 833 1830 pro
848 1749 994 1812 carneis
1013 1749 1193 1840 filamen·

143 1854 194 1918 tis
217 1851 413 1915 declarare
434 1853 661 1915 recusarunt
682 1853 732 1933 a),
757 1849 910 1916 Similes
924 1853 1190 1932 etiamstriae‚

143 1958 344 2041 pigmento
367 1955 491 2030 eluto,
508 1951 549 2016 in
564 1954 782 2036 posteriore
802 1973 922 2020 nveae
944 1956 1043 2022 facie
1056 1958 1192 2024 adver·

139 2064 289 2136 tuntur,
313 2057 356 2120 in
370 2056 509 2140 bovino
527 2056 760 2140 praeprimis
774 2057 883 2123 oculo
905 2058 1189 2138 discernendae,

143 2161 343 2226 tendentes
363 2161 405 2224 ln
428 2159 578 2224 ciliares
601 2178 793 2242 processus
808 2162 876 2244 i),
906 2163 1105 2229 nonnullis
1118 2185 1190 2249 pro

145 2263 429 2328 musculsribus
451 2258 583 2336 fibris,
607 2261 711 2326 aliis
733 2282 823 2328 vero
842 2281 911 2345 pro
934 2265 1046 2346 plicis
1074 2287 1193 2334 oveas

143 2353 372 2450 declaratae.
417 2361 620 2450 Pertinent
641 2363 773 2448 ltaque
804 2365 1039 2431 musculares
1067 2364 1190 2435 fibrae

143 2465 256 2532 iridis
278 2449 432 2546 adeas,
455 2465 501 2530 de
521 2482 686 2550 quarum
719 2464 928 2531 existentia
948 2469 1035 2532 actu
1058 2469 1190 2554 dispu-

143 2575 263 2635 tatur.
290 2571 364 2632 Cel.
378 2575 509 2633 tamen
522 2567 713 2633 Mausorn
725 2561 1112 2652 per-vestigationibus
1129 2593 1192 2638 su·

143 2672 183 2738 is·
200 2690 321 2754 nuper
343 2673 422 2735 fers
443 2669 582 2744 evicit,
610 2669 798 2734 annulum
813 2671 999 2755 majorem
1012 2670 1189 2754 redistis,

141 2781 180 2838 st
201 2776 392 2840 minorem
423 2774 676 2840 circularibus
697 2773 877 2858 componi
903 2761 1188 2841 muscularibus

140 2879 280 2954 fibris,
297 2899 396 2972 quae
418 2879 679 2974 maceratione
702 2877 914 2958 praemissa
938 2878 1190 2970 microscopil

142 2980 357 3064 adjutorio,
380 2975 568 3067 tanquam
592 2977 676 3044 cavi
694 2979 864 3063 cylindri
885 2977 1190 3065 dispiclpoasint
1278 3013 1281 3022 ·

142 3087 196 3170 n·
261 3144 266 3150 .
308 3087 310 3092 ·
754 3165 757 3172 ,
1050 3109 1054 3118 ·

95 3199 96 3204 ¹
235 3201 481 3274 Coloriridis
517 3199 1187 3303 veriue‚edictisareolisgavaa
1233 3179 1245 3202 ⁴

141 3317 336 3382 scutorum
365 3313 554 3424 reticulo,
586 3303 761 3378 densiore
792 3315 858 3376 aut
889 3309 1057 3392 rariore,
1090 3329 1188 3398 aque
1270 3377 1273 3388 ,

84 3447 87 3458 ·
136 3425 337 3510 pigmento
361 3417 485 3504 magis
503 3423 569 3483 aut
583 3421 708 3484 minus
721 3418 959 3502 pellucante,
984 3417 1104 3501 magis
1119 3423 1187 3484 aut

83 3520 90 3530 “
139 3529 269 3593 minus
301 3530 386 3588 atro
418 3521 647 3608 repetendus
685 3526 752 3586 est.
808 3519 1185 3598 Observaturbinc,
1240 3555 1247 3569 ι

125 3611 240 3716 'quod
263 3629 397 3690 abluto
419 3648 462 3727 ap
483 3625 683 3709 pigmento
704 3615 772 3687 iris
785 3609 1037 3705 expallescet,
1070 3625 1108 3684 et
1123 3639 1210 3686 roa·

135 3753 201 3798 sea
219 3731 272 3792 sit
293 3721 332 3791 in
354 3723 800 3812 leucaethiopibus,.ubi
814 3726 1056 3807 pigmentum
1080 3719 1186 3786 idem
1242 3789 1246 3796 ,
1279 3758 1281 3766 ‚
1358 3753 1365 3760 ·

134 3835 198 3898 val
217 3830 373 3914 penitus
393 3829 519 3908 deest,
559 3830 621 3892 vel
647 3822 840 3891 rubellum
860 3826 979 3890 habet
1003 3821 1184 3889 colorem·

135 3921 321 4020 Congruit
340 3931 452 3997 iridis
474 3931 578 3995 color
599 3923 844 4014 potissimum
868 3943 954 3990 cum
979 3925 1105 4016 colore
1125 3939 1185 3989 re·

136 4035 189 4124 tis
214 4033 364 4121 mucosi
389 4035 486 4098 cutis
517 4029 584 4114 (t.
605 4039 694 4109 142.)
723 4035 761 4094 et
785 4031 957 4112 pilorum
978 4024 998 4112 (
1010 4029 1040 4104 t.
1062 4031 1184 4110 1474),
1230 4103 1233 4112 Ι

135 4141 237 4206 unde
254 4129 476 4208 inconstans
490 4136 608 4199 stiam
628 4154 704 4198 esse
722 4131 845 4212 solet,
864 4128 981 4206 adeo,
998 4137 1043 4195 ut
1057 4123 1187 4196 infans
1207 4199 1214 4222 ἱ
1300 4191 1314 4218 δ
1327 4171 1341 4198 ,
1442 4161 1451 4180 ·

130 4249 189 4312 tes
212 4240 407 4312 lucidioris
427 4237 676 4327 potissimum
689 4233 1017 4384 colorisYhabeant
1044 4237 1187 4314 oculos,
1293 4229 1301 4254 ⁸

424 4331 428 4338 '
768 4339 774 4360 ¹
868 4331 888 4387 1

194 4487 197 4494 ,
252 4455 267 4490 9
