2904 5002
255 362 319 432 402
499 343 649 412 Lrssll.
668 343 758 408 css.
777 340 837 408 lv.
858 343 918 408 Da
936 358 1072 413 seusu.

257 500 339 570 est,
363 455 448 556 dari
470 489 658 559 animalia
671 535 682 570 ,
704 458 805 576 quae
826 455 939 557 sonos
963 502 1001 558 et
1023 499 1164 577 tonos,
1193 493 1306 571 ,aur'i'ae

254 603 326 668 bus
338 596 565 663 nostrisnon
577 596 743 679 amplius
754 596 1049 681 perceptibiles,
1071 599 1299 686 audiant').

343 743 436 804 Cum
458 755 632 822 organon
666 736 820 802 auditus
844 738 892 814 ,in
919 737 1157 805 animalibus
1180 741 1311 824 perse«

257 845 443 910 ctioribus
464 841 673 906 admodum
692 841 743 906 sit
765 840 1044 936 compositum,
1069 846 1202 930 quaeri
1219 853 1307 930 pot·

256 957 339 1028 est,
379 948 567 1033 quaenam
595 947 675 1031 ejus
703 948 948 1027 partes.sint
973 949 1230 1031 praecipuae,
1264 954 1308 1010 et

258 1069 468 1138 quamnam
490 1049 667 1132 singulae
694 1047 866 1110 habeant
887 1049 935 1112 ad
958 1055 1078 1114 certas
1103 1049 1188 1115 soni
1209 1068 1307 1134 quad

257 1157 391 1219 litates
401 1152 647 1216 relationem.
671 1149 864 1214 Posterior
875 1153 1032 1238 quidem
1045 1154 1217 1238 quaestio
1230 1151 1307 1214 dis-

254 1258 401 1322 ficilius
415 1257 514 1320 dilui
525 1260 676 1338 potest,
696 1256 890 1342 siquidem
904 1256 1146 1346 adminicula
1157 1278 1225 1320 nos
1238 1254 1306 1318 de·

261 1361 421 1434 finiant,
455 1357 591 1444 quibus
614 1361 903 1444 perceptiones,
928 1377 1025 1444 quae
1038 1357 1078 1424 in
1090 1356 1226 1424 bestiis
1241 1356 1311 1448 ob·

223 1477 228 1486 '
258 1466 409 1548 tinent,
436 1459 646 1536 dijudicare
665 1452 878 1527 valeamus.
936 1462 1046 1544 Quod
1071 1467 1200 1546 autem
1218 1479 1310 1544 par·

258 1572 385 1650 tium,
409 1565 564 1632 auditus
585 1583 759 1652 organon
776 1551 1103 1633 'constituentium
1125 1565 1313 1632 nobilita·

257 1683 336 1741 tem
362 1674 479 1753 facit,
503 1673 549 1738 de
569 1673 631 1764 his
650 1673 854 1759 sequentia
875 1674 1144 1738 innotuerunt.
1188 1653 1311 1756 Pulpa

261 1785 419 1866 aliqua,
442 1779 694 1864 gelatiuosae·
713 1779 793 1842 sere
822 1776 1121 1856 consistentiam,
1160 1773 1200 1839 in
1233 1793 1333 1860 quas

258 1887 372 1951 nervi
398 1881 557 1948 acustici
588 1880 878 1968 deliquescunt,
914 1881 1161 1965 praecipuam
1185 1877 1311 1944 efficit

232 1962 237 1989 x
260 1987 394 2070 organi
414 1985 566 2070 auditus
585 1992 760 2070 partem,
782 1981 975 2070 siquidem
998 1982 1142 2046 nullibi
1161 1979 1309 2046 deside·

260 2097 387 2166 retur,
410 2090 477 2153 ubi
497 2089 648 2155 auditus
668 2086 833 2171 vestigia
852 2087 1101 2170 reperiuntur
1115 2091 1176 2182 *Ἲς
1201 2081 1309 2168 Aliae

260 2193 354 2262 uero
376 2200 506 2286 paptes
531 2193 738 2258 auxiliares
755 2196 868 2270 sunt,
897 2208 1061 2286 quarum
1092 2188 1305 2254 nonnullae

166 2298 168 2304 ’
261 2299 305 2362 in
331 2295 443 2360 certis
464 2295 706 2370 animalium¹
721 2293 924 2378 speciebus
940 2291 1150 2394 deficiunt,
1182 2300 1220 2357 et
1239 2293 1311 2356 ha·

259 2402 353 2467 beut
374 2402 674 2466 destinationem
696 2406 855 2466 certam.
906 2397 1308 2482 Quidautemdesin-
1362 2449 1365 2454 .
1431 2429 1435 2436 ·

262 2504 439 2590 gularum
459 2524 529 2568 usu
552 2503 604 2568 sit
622 2504 857 2580 tenendum,
880 2504 958 2568 suis
985 2501 1078 2568 locis
1100 2502 1280 2570 dicemus

344 2644 584 2710 Animalium
608 2643 884 2730 perfectiqrum
897 2650 920 2725 ,’
932 2644 1069 2730 frigidi
1089 2643 1207 2712 etiam
1221 2667 1309 2712 san·

261 2753 412 2836 guinis,
436 2748 590 2812 auditus
614 2766 757 2831 organa
779 2730 992 2832 compositi
1015 2757 1126 2828 sunt,
1167 2758 1205 2816 et
1226 2769 1310 2814 ma·

262 2855 322 2939 gis
349 2851 516 2937 cognita.
560 2849 687 2915 Minus
712 2871 803 2916 varo
834 2853 1011 2935 cognitae
1039 2859 1129 2918 sunt
1153 2860 1279 2936 partes
1294 2897 1306 2929 ,

264 2979 361 3045 quae
374 2955 474 3040 apud
486 2956 633 3018 insecta
657 2953 1050 3024 audituiinserviant.
1063 2959 1179 3026 Andr.
1201 2961 1310 3022 Com·

269 3077 444 3126 rasuras
461 3060 656 3130 folliculos
683 3057 837 3142 quidem
859 3057 1043 3126 describit
1072 3058 1303 3144 pellucidos,

267 3186 368 3249 pone
391 3164 569 3248 infraque
588 3163 716 3227 oeulos
741 3163 965 3248 existentes,
998 3163 1075 3230 filis
1097 3163 1304 3230 albicanti-

263 3269 335 3332 bus
348 3312 351 3316 -
363 3260 591 3341 instructos,
621 3285 713 3350 quos
725 3285 795 3349 pro
817 3263 1125 3351 organo'auditus
1138 3268 1310 3338 declarat

267 3375 327 3460 a).
367 3369 446 3438 sel.
478 3372 609 3431 autem·
637 3371 799 3440 Mllcltls
827 3369 978 3436 easdem
1007 3373 1217 3456 particulas
1241 3393 1311 3457 pro

265 3473 433 3538 traoheis
449 3469 593 3546 habet,
622 3473 759 3554 quibus
782 3482 1018 3544 consuetum*
1036 3481 1111 3552 est,
1142 3475 1186 3540 in
1208 3476 1308 3542 vesi·

1325 3037 1338 3069 Χ

172 3639 175 3644 .
267 3577 371 3641 culas
399 3575 656 3638 intumescere
676 3575 737 3658 b).
779 3576 853 3638 Nec
872 3583 1063 3658 antennae
1076 3577 1309 3646 insectorum

267 3682 419 3747 auditui
438 3680 623 3744 inservire
644 3687 827 3763 possunt,
859 3681 1052 3766 siquidem
1079 3683 1130 3746 iis
1151 3687 1312 3750 resectis

266 3784 448 3850 audiendi
466 3784 629 3848 facultas
652 3779 729 3847 non
751 3787 912 3850 tollatur
934 3791 1001 3873 e).
1045 3769 1089 3853 In
1106 3789 1196 3854 solis
1219 3807 1310 3854 can·

267 3887 341 3958 cris
361 3889 444 3953 cell.
467 3891 738 3960 Comrsanrrr
760 3890 805 3975 d)
832 3897 870 3956 et
890 3893 1040 3956 Sesars
1062 3894 1104 3979 a)
1127 3895 1308 3958 tubulum

266 4014 409 4058 osseum
443 3992 699 4068 invenerunt,
734 3992 784 4056 ad
805 3995 916 4061 basin
938 4004 1194 4063 antennarum
1219 4000 1314 4063 hae·

264 4105 440 4175 rentem,
465 4097 615 4162 sacculo
637 4096 815 4174 pullaceo
843 4101 1054 4184 repletum,
1081 4103 1311 4170 membrana

179 4233 185 4248 ·
267 4200 459 4290 occlusum
472 4235 483 4276 ρ
508 4198 549 4264 in
571 4217 685 4301 quem
704 4220 839 4268 nervus
861 4205 1047 4272 seusticus
1066 4203 1321 4276 diffunditur..
