2946 5000
335 387 447 456 secr
462 383 493 454 1.
512 384 573 454 De
593 395 958 460 srtrrnconrouro.¹
1141 393 1207 478 ιιι

159 537 193 604 ti
214 508 482 608 idvertuntur.
525 528 732 596 Tolluntur
742 529 841 597 haec
859 529 1143 641 ventilatione,
1164 539 1206 600 et
1253 529 1256 536 '

161 644 325 722 pereunt
335 655 569 721 praecaveri,
586 633 621 698 ei
632 651 724 700 cura
733 631 934 710 habeatur,
953 629 1210 704 aesomnium

160 744 276 810 bulue
294 743 424 810 cubito
455 742 655 806 excitetur
716 741 799 824 lpee
821 738 943 806 etiam
965 741 1110 810 artifex
1130 742 1207 810 ali·

156 867 276 936 quern
297 848 494 932 experitur
515 846 662 912 virium
684 843 897 930 iacturam,
916 845 1208 931 quaeeomaior
1332 860 1335 880 ¹

158 975 240 1020 aare
260 955 379 1028 eolat,
403 971 477 1039 quo
500 952 684 1032 maiorem
703 951 759 1031 ie,
780 970 895 1038 quern
904 949 1213 1036 migneticaint·

155 1057 322 1136 buitvi,
344 1053 871 1140 habueritreoeptiritatem,
895 1060 1042 1139 quanto
1054 1052 1210 1136 longine

171 1161 346 1246 operatio
366 1159 589 1240 duraverit,
617 1165 657 1224 et
677 1178 754 1245 quo
772 1157 1013 1245 frequentiae
1036 1177 1081 1222 ee
1100 1177 1210 1241 repe·
1310 1145 1314 1153 ’

162 1266 276 1331 titur.
319 1263 488 1330 Tollitur
499 1267 633 1330 autern
645 1283 690 1328 ea
701 1247 973 1345 laeeitudope'r
984 1279 1133 1328 morem
1146 1262 1210 1328 in·

166 1371 419 1461 tarpaeitam,
452 1390 520 1456 per
540 1388 741 1452 ramnum,
768 1387 915 1456 perque.
934 1367 1066 1437 cibum
1088 1374 1126 1434 et
1146 1385 1213 1454 po·

165 1481 251 1541 tum
275 1475 456 1540 etvitem
479 1471 735 1541 moderatam.
790 1499 794 1512 ·

251 1617 324 1682 Ubi
349 1616 473 1698 maior
492 1614 581 1682 eet
569 1634 612 1680 ιιι
631 1612 790 1680 homine
806 1611 1059 1700 receptivitee
1070 1659 1083 1697 ,
1114 1633 1214 1702 quae

163 1743 237 1808 per
255 1723 499 1808 frequentem
517 1716 771 1820 magnetierni
783 1715 969 1784 animalia
983 1715 1215 1785 concitatio·

165 1847 254 1894 narn
276 1825 493 1912 plurimum
511 1811 765 1908 procuretur,
791 1819 893 1886 fixus
914 1822 1116 1900 oculorum
1142 1821 1210 1888 ob-

165 1936 297 2011 tutae,
322 1934 361 1996 et
380 1929 641 1996 determinata
660 1925 827 1996 artificia
846 1925 1028 1996 volunta·
1046 1927 1216 1998 excitan·
1264 2000 1267 2013 ‚
1350 1975 1353 1982 .

160 2031 222 2100 die
242 2031 475 2116 magneticie
498 2027 780 2116 phoenomenis
810 2027 1027 2121 eufficiunt.
1077 2031 1208 2096 Solent

166 2138 301 2220 autern
311 2130 494 2198 nonnulli
516 2131 854 2218 compositam
868 2129 1051 2199 adhihere
1062 2132 1214 2200 metho-

167 2237 286 2316 dum,
310 2251 385 2326 que
403 2235 583 2312 credunt,
608 2234 857 2324 dynamicam
870 2239 1140 2324 etpeychicam
1152 2259 1216 2305 ar·

167 2341 288 2408 tificie
307 2344 389 2409 vim
409 2339 561 2430 augeri,
577 2348 620 2406 et
635 2339 826 2408 adhibent
844 2340 949 2408 hunc
962 2342 1003 2408 in
1015 2341 1135 2410 finem
1147 2363 1217 2411 ve·

167 2445 229 2511 rie
250 2442 420 2512 artificia
431 2467 449 2524 ,ι
475 2465 573 2534 quae
593 2451 727 2512 tamen
747 2444 864 2512 hodie
887 2467 910 2510 e
930 2446 1108 2532 plurimis
1129 2453 1216 2515 tan·
1333 2465 1343 2484 ·

167 2573 286 2640 quam
308 2555 437 2622 minus
459 2547 654 2631 efficacia,
673 2536 736 2615 vel
755 2553 947 2638 superflua
966 2554 1105 2621 ealtem
1116 2594 1128 2632 ,
1147 2574 1217 2624 na·

166 2655 380 2744 gliguntur.
410 2653 620 2748 Praecipue
636 2649 779 2720 horum
803 2661 894 2719 eunt
915 2655 1140 2742 sequentiae

178 2855 182 2862 ,
260 2801 615 2866 Conductum
646 2798 954 2900 magnetici,
977 2801 1215 2875 elerroaut

167 2903 247 2969 alio'
266 2904 455 2980 metallo,
486 2904 550 2967 vel
572 2920 664 2966 vero
686 2901 829 2971 aritro
851 2873 926 2968 eui
953 2903 1030 2970 alie
1056 2900 1218 2974 idioele

40 3025 46 3036 ·
171 3007 294 3074 otrico
313 3007 480 3072 materia
496 3008 734 3093 perticarum
736 2995 870 3092 figura
884 3009 1062 3079 confecti.
1081 3007 1216 3096 Ingra-

171 3118 229 3178 tas
250 3112 295 3178 ni
314 3110 560 3196 petierimum
577 3104 749 3178 excitant
764 3114 1005 3185 consutiones
1016 3155 1028 3194 ,
1053 3135 1125 3194 nec
1139 3133 1222 3184 am.

172 3216 276 3299 plius
297 3213 479 3281 adhiberi
498 3214 638 3296 nolent.
660 3249 702 3270 -·
722 3219 1024 3298 Construxerunt
1055 3221 1129 3289 alii
1150 3243 1219 3290 ee·

80 3302 85 3322 '
121 3386 126 3395 ,
173 3318 514 3401 paretonium,
547 3316 844 3386 edineulaeite
868 3321 993 3389 dictae
1015 3313 1221 3392 electrioae

172 3411 546 3508 legee‘t'abricatum,
579 3425 617 3488 ct
639 3421 884 3513 crediderunt
913 3427 996 3494 vim
1025 3425 1220 3514 magneti·

120 3535 126 3550 ¹
178 3543 265 3598 cem
281 3525 434 3608 augeri,
459 3526 529 3593 ubi
547 3523 783 3602 artifexcum
802 3527 901 3607 alio,
922 3529 1221 3615 quiimbuima-
1307 3553 1315 3570 ³

168 3627 328 3715 guntiae
343 3631 385 3696 vi
406 3631 620 3716 derideret,
649 3627 687 3702 'ei
707 3633 1224 3704 insederint-Dicuntalii
1265 3678 1273 3692 ι

178 3737 465 3822 speculum,
486 3759 554 3824 per
575 3741 774 3808 artificem
787 3745 1007 3830 magnetica
1029 3744 1071 3808 vi
1092 3741 1222 3812 imnu-

179 3844 265 3906 tum
286 3837 497 3906 efficaciam·
509 3840 662 3909 habere.
677 3876 718 3896 -
728 3842 805 3912 Alii
810 3850 905 3934 post
922 3847 961 3911 M
971 3867 991 3912 e
1003 3866 1020 3910 a
1032 3864 1072 3912 ιιι
1085 3864 1168 3911 eru
1181 3864 1223 3912 ιιι

178 3949 368 4010 concentu
385 3943 532 4009 murico
550 3943 610 4011 uei
631 3952 744 4026 eunt,
768 3967 842 4034 quo
859 3951 1095 4033 poteetatem
1110 3964 1221 4010 auem

176 4049 220 4115 in
239 4027 555 4117 somnambulum
584 4050 718 4135 augeri
733 4055 1023 4138 putarunt-
978 4049 1225 4115 -credide·

179 4159 279 4242 runt
295 4153 393 4235 elii,
426 4151 740 4234 energumenam
753 4159 908 4222 auctam
921 4195 936 4230 ,
953 4157 992 4217 et
1003 4153 1247 4258 reetitutana

177 4233 255 4324 eibi
276 4253 393 4324 futare
413 4239 664 4324 efficientiam
683 4255 941 4342 magneticem
952 4296 965 4339 ,
987 4253 1056 4322 ubi
1073 4260 1246 4370 tempo·
