2920 4998
308 361 377 447 5¹²
426 329 430 335 ’
472 291 886 408 L1u.sr.csr.'v..ne
914 352 1207 409 suraaronrsus

388 483 479 548 Tria
492 502 582 550 vero
592 503 742 566 semper
754 501 975 550 concurrere
986 482 1127 550 retent
1143 493 1343 564 momenta,

271 636 277 660 ,
308 588 604 689 utconscientia
628 588 823 654 obtineat.
836 587 1183 669 obiectaesterna,
1197 594 1346 662 mutati·

309 711 398 790 onos
419 693 467 756 ab
488 690 582 756 his
572 712 613 757 m
631 677 799 756 sensorio
819 692 1033 778 excitatae,
1063 699 1182 776 atque
1211 696 1341 758 harum

308 777 354 858 ac
385 797 508 857 status
549 793 720 876 corporis
753 765 901 876 proprIi
929 794 1180 858 sensationes.
1223 795 1343 862 Potest

309 897 478 1016 quidem
487 899 657 962 eminere
680 897 954 976 conscientia
944 918 984 960 rn
1009 898 1258 980 perceptione
1288 899 1345 962 vel

304 984 570 1085 corporei,vel
593 1001 750 1064 externi
764 1000 984 1086 scotusaei
996 1000 1205 1082 denique
1194 1022 1234 1066 1n
1256 1000 1343 1082 ipsis

247 1141 280 1196 ,ι
306 1106 461 1192 animae
484 1104 793 1188 operationibus,
816 1103 1034 1187 synthetica
1064 1113 1198 1170 tamen
1224 1105 1341 1170 omnis

305 1213 363 1270 est
383 1209 618 1272 conscientia
629 1208 845 1282 ,hactenus
860 1211 903 1268 ut
922 1207 1064 1272 anima·
1079 1207 1344 1290 operationum

304 1329 461 1375 suarem
483 1317 522 1375 et
540 1311 711 1394 corporis
727 1312 786 1375 sui
808 1309 957 1374 conscia
985 1332 1065 1374 esse
1084 1309 1191 1374 haud
1216 1311 1341 1392 possit,

302 1401 424 1478 sensu¹
438 1420 594 1480 externo
615 1407 813 1498 insopito,
836 1433 906 1476 nec
926 1414 1123 1496 perceptio
1146 1433 1271 1477 rerum
1285 1433 1343 1476 ax·

216 1568 218 1579 .
303 1524 502 1584 ternarum
519 1518 719 1595 obtineat,
741 1517 817 1582 nisi
837 1517 991 1581 enimus
1013 1519 1181 1602 corpo'ris
1202 1517 1343 1582 indivi-

305 1619 374 1686 dui
397 1625 435 1686 et
458 1617 730 1705 operationum
748 1639 904 1685 suerum
926 1621 978 1684 eit
996 1622 1184 1686 conscius.

389 1763 650 1849 Requiruntur
689 1765 821 1848 itaque
852 1761 1052 1847 sequentia
1084 1762 1342 1837 adminicula,

306 1875 353 1934 ut
376 1865 613 1936 conscientia
641 1866 693 1929 sit
723 1863 951 1949 possibilis·
979 1871 1015 1951 ι)
1043 1865 1194 1932 Debent
1225 1885 1346 1932 sensus

247 2041 249 2046 ,
307 1967 456 2036 externi
476 1968 561 2051 (vel
579 1989 675 2033 unus
692 1970 830 2034 saltem
850 1973 1007 2058 eorum)
1044 1971 1102 2034 ita
1132 1993 1212 2036 esse
1246 1990 1342 2063 copr-
1425 2013 1426 2024 η

303 2052 455 2161 parati,
476 2079 520 2139 ut
543 2072 649 2137 ideas
673 2079 879 2156 suggerant
894 2073 1029 2137 mundi
1053 2079 1339 2162 externi,quem

303 2178 438 2244 anima
470 2174 622 2260 corpori
655 2175 858 2241 individuo
892 2187 1076 2262 opponat.
1111 2181 1154 2244 ln
1183 2182 1342 2264 perfecte

302 2286 583 2382 dormientibus
609 2283 748 2371 igitur,
772 2284 839 2349 ubi
864 2285 1190 2378 omnisenternus
1219 2301 1342 2349 sensus

303 2395 502 2479 insopitus
524 2396 603 2472 est,
627 2388 735 2455 nulla
752 2389 861 2472 viget
890 2389 1142 2454 conscientia.
1161 2392 1197 2478 2)
1233 2391 1345 2472 Opor·

301 2507 362 2566 tet
384 2515 592 2564 nervosum
616 2498 786 2582 systema
805 2494 846 2557 in
868 2512 1007 2556 coesse
1029 2491 1232 2571 statu,'ut
1263 2511 1340 2558 mu·
1425 2483 1426 2510 ¹

298 2603 492 2680 tationes,
517 2621 539 2664 a
558 2598 671 2664 rebus
695 2595 862 2661 externis
888 2595 1021 2660 illatas
1045 2590 1179 2662 debite
1203 2597 1338 2680 recipe·
1425 2603 1426 2666 4

248 2707 250 2714 ’
301 2732 368 2788 re,
392 2716 430 2774 et
458 2704 669 2771 conducere
699 2702 747 2766 ad
784 2702 999 2766 censorium
1031 2703 1169 2784 possit.
1208 2703 1338 2766 Omnes

302 2811 426 2897 igitur
446 2829 580 2874 causac
604 2827 700 2893 quae
720 2803 939 2892 systematis
960 2805 1113 2882 nervosi
1150 2803 1341 2888 energiam

302 2914 575 2999 supprimunt,
596 2929 743 2975 venena
766 2906 972 2986 narcotica
985 2912 1024 2970 et
1042 2908 1242 2990 contagia,
1266 2923 1342 2968 sen·

301 3018 532 3084 nihilitatem
553 3011 865 3110 prosternentia‚
884 3015 1002 3098 atque
1031 3009 1199 3077 defectus
1223 3003 1339 3072 admi·

301 3113 521 3210 niculorum
534 3119 693 3204 ,quibus
714 3136 855 3182 ncrvca
876 3117 935 3181 vis
956 3118 1117 3199 ponitur
1140 3124 1178 3183 et
1204 3127 1341 3180 conser-

301 3234 420 3294 vatur
445 3227 496 3308 (t.
517 3223 643 3310 466.,)
666 3222 941 3291 conscientiam
969 3224 1130 3286 tollunt
1157 3223 1200 3306 3)
1225 3215 1339 3288 Debet

301 3331 498 3396 cerebrum
524 3339 606 3393 sam
630 3328 772 3394 habere
808 3327 1163 3409 organisationem,
1187 3335 1339 3406 eamque

299 3434 447 3510 virium
474 3429 818 3504 informationem,
841 3435 885 3492 ut
912 3451 933 3492 s
962 3413 1096 3494 sensus
1122 3421 1290 3508 ,externi
1306 3419 1339 3478 et

301 3533 477 3626 corporei
497 3532 749 3620 impulsibus,
773 3551 868 3618 aqua
886 3531 1010 3597 animi
1041 3527 1203 3628 imperio
1232 3517 1339 3615 facila

301 3641 574 3717 commoveri,
605 3659 648 3702 ac
676 3636 716 3704 in
759 3639 1090 3727 metamorphoses
1122 3631 1261 3700 vitales
1288 3617 1340 3708 (i·

247 3753 250 3760 ’
299 3765 362 3833 552
344 3733 583 3836 2.)ed‹1uci
586 3741 717 3828 possit.
750 3743 913 3828 Quaevis
939 3744 1060 3833 igitur
1095 3757 1252 3810 causae,
1283 3747 1337 3792 οἳ·

300 3853 584 3940 ganisationem
604 3845 806 3934 encephali
842 3793 1039 3922 laedentes
1070 3838 1119 3930 (s,
1133 3845 1243 3920 Auos
1245 3847 1340 3916 ..551

299 3980 341 4030 n
347 3958 445 4039 a),
482 3955 759 4032 conscientiam
791 3935 962 4050 laedunt.
1008 3955 1103 4021 Cum
1146 3949 1339 4034 praeterea

301 4061 505 4144 encephali
530 4060 684 4144 energia
711 4040 910 4141 sanguinis
934 4057 1145 4139 impulsum
1164 4039 1338 4134 requiret

302 4165 406 4261 (Vol
420 4165 487 4240 ..1v
503 4183 541 4252 p.
566 4161 683 4266 r56.,)
697 4161 874 4232 cohibito
902 4160 1051 4244 eiusad
1078 4156 1196 4237 vitula
1221 4150 1336 4315 iduorn

1002 4295 1011 4316 ·
1076 4279 1087 4294 ⁸
1215 4271 1286 4343 gan
