2920 4998
240 387 303 458 542
332 379 335 386 '
433 383 436 390 '
473 373 557 438 Lru.
577 371 622 438 ΙΙ.
645 358 738 443 Car.
760 372 818 437 VI.
841 372 900 437 D!
922 378 1067 438 s'orrud.

229 543 318 616 tur,
342 537 410 600 aul
430 537 684 620 perspicimur
709 541 912 599 sueverunt
934 553 1053 599 manu
1075 534 1202 600 oculor
1220 542 1280 600 te·

230 661 339 722 rere,
358 642 425 728 qui
450 643 616 720 servitia
638 643 764 706 adhuc
787 639 1000 724 denegant,
1025 647 1063 706 et
1080 627 1281 706 redittan·

234 749 320 813 dem
352 768 438 812 cum
461 761 646 812 'sensuum
674 747 950 829 perceptione,
982 752 1020 810 et
1046 754 1271 829 comparato
1394 765 1398 776 ⁴

230 859 337 917 statu
358 852 558 920 individui
576 872 662 916 cum
696 853 808 915 rebus
843 851 1029 925 externis,
1049 856 1172 916 status
1197 852 1278 935 pri·

231 958 382 1032 sunus,
404 956 606 1043 omnisque
640 954 802 1040 evigilat
825 955 1102 1038 sensiferarum
1132 952 1276 1020 functi·

234 1083 352 1128 onum
374 1066 555 1142 potestas.

263 1156 271 1180 Ι

339 1207 372 1276 ⁴)
390 1203 611 1263 srussuuuua
629 1203 734 1265 instit.
756 1195 887 1288 physiul.
904 1201 944 1266 11.
958 1220 990 1278 p·
1004 1203 1069 1260 280.

627 1475 629 1480 Ι
695 1371 723 1442 l·
743 1365 820 1448 5⁶4·

538 1536 978 1627 Somdleffectus.

317 1705 428 1770 Patet
451 1725 494 1769 ex
513 1704 583 1782 iis,
603 1723 699 1790 quae
718 1705 904 1769 hactenus
935 1701 1042 1770 dicta
1069 1711 1181 1788 sunt,
1211 1702 1282 1769 du·

234 1813 376 1897 plicem
402 1829 479 1872 esse
500 1807 625 1872 somni
643 1803 848 1870 effectum:
875 1809 1091 1872 restaurari
1122 1809 1284 1875 emisses

234 1936 302 1999 per
325 1915 552 1980 diuturnam
574 1911 766 1976 actionem
787 1928 1041 1992 organorum,
1061 1909 1166 1978 vilae
1182 1894 1279 1979 ¹ani-

236 2016 334 2086 mali
375 2012 694 2088 inservientium,
724 1998 941 2095 energiam,
969 2015 1129 2100 ipsaque
1158 2019 1281 2082 etiam

237 2137 405 2202 organa,
424 2115 711 2203 reproductioni
731 2117 901 2198 corporis
933 2114 1152 2192 destinata,
1182 2119 1280 2184 viri·

235 2221 307 2286 bus
327 2221 466 2300 refici,
492 2228 608 2308 atque
632 2218 908 2306 aequilibrium
946 2219 1048 2284 inter
1077 2223 1201 2286 vitam
1238 2243 1284 2286 u.

202 2394 205 2400 .
236 2336 416 2415 tramque
437 2330 606 2394 restitui·
638 2331 806 2414 Apparet
823 2329 1005 2394 salutaris
1027 2329 1152 2394 somni
1189 2326 1282 2394 effe·

236 2441 317 2500 ctus
338 2437 380 2499 in
398 2433 624 2506 hominibus
647 2432 750 2496 sanis
763 2477 774 2508 ,
798 2432 865 2520 qui
885 2428 1067 2498 recreetis
1089 2431 1214 2499 animi
1237 2439 1277 2498 et

237 2537 407 2621 corporis
440 2531 589 2614 viribus
617 2534 828 2618 evigilant3
862 2541 1023 2620 apparet
1048 2535 1092 2602 in
1116 2538 1280 2622 aegris,

237 2644 305 2729 qui
323 2662 391 2725 per
413 2659 591 2706 somnum
610 2623 762 2702 b'revem
782 2660 894 2725 saepe
918 2629 1009 2705 adad
1029 2641 1256 2726 relevantur
1268 2685 1282 2720 ,

236 2752 281 2807 ut
307 2743 539 2810 conclamati
561 2745 640 2836 jam
664 2742 771 2807 omni
800 2743 973 2826 periculo
1005 2743 1129 2828 erepti
1159 2744 1283 2828 evigi-

236 2850 341 2926 lent3
363 2848 524 2931 adparet
547 2845 712 2932 denique
737 2845 777 2910 in
802 2847 1179 2921 convalescentibus,
1211 2845 1278 2932 qui

236 2969 350 3033 saepe
370 2948 523 3033 longius
545 2955 697 3032 tempus
720 2950 1029 3035 dormiunt,quo
1052 2950 1153 3014 vires
1167 2950 1284 3014 emis·

177 3085 181 3089 ·
234 3071 295 3116 sas
316 3053 417 3116 mira
448 3053 595 3118 ratione
625 3059 867 3136 recuperent.
890 3051 1060 3118 Nullum
1079 3059 1279 3136 praeterea

237 3161 295 3220 eat
322 3155 518 3228 medium,
554 3155 656 3247 quod
678 3156 882 3226 hominem
895 3196 904 3228 ,
926 3153 1118 3239 psychicis
1140 3159 1178 3218 et
1200 3175 1284 3220 ror·

234 3260 362 3344 poreis
382 3257 579 3322 doloribus
599 3260 794 3324 adfectum
813 3259 855 3322 ac
879 3247 1116 3343 prostratum
1134 3261 1186 3326 sio
1207 3260 1283 3325 eri·

237 3367 326 3446 gat,
358 3378 475 3445 quam
514 3381 669 3426 somnus
702 3360 877 3446 quietus,
907 3383 982 3448 quo
1014 3365 1146 3430 anima
1180 3369 1283 3432 curis

243 3466 436 3548 omnibus,
452 3464 551 3540 et-xab
565 3466 670 3527 omni
685 3465 834 3529 adfectu
846 3464 967 3531 libera
981 3475 1035 3532 est
1048 3511 1058 3543 ,
1070 3470 1277 3558 ipsumque

152 3569 177 3646 '.
238 3587 372 3650 corpus
392 3563 488 3632 adeo
511 3567 705 3648 reficitur,
729 3575 773 3650 ut
789 3576 1064 3654 ,aegrotantem
1075 3573 1280 3642 sublevere

239 3676 363 3759 possit
386 3679 574 3738 animum.

220 3859 223 3870 ·
271 3813 1279 3906 Reddunturpersomnumnonmodoeaevires,quea

230 3942 302 4008 pro
316 3922 466 3986 animae
481 3907 702 3984 muneribus
715 3918 975 4003 requiruntur;
992 3941 1123 3986 verum
1137 3921 1216 4002 ipse
1229 3925 1285 3984 et·

236 4031 320 4095 iam
343 4028 543 4112 organicus
566 4043 759 4108 processus
779 4025 835 4086 ita
845 4021 1061 4088 intenditur
1075 4069 1085 4101 ‚
1098 4031 1142 4088 ut
1155 4027 1279 4091 multo

234 4133 381 4217 majore
395 4151 480 4196 cum
495 4130 700 4218 velocitate
710 4123 1184 4227 precedatAdquirithiuc
1198 4137 1277 4196 tex·

236 4245 298 4310 tus
312 4237 517 4309 cellulosus
528 4235 803 4304 elastisitatem
814 4239 852 4300 et
862 4237 1074 4322 turgorem,
1090 4235 1285 4332 undeeor·
