2898 4996
314 300 316 312 .
664 322 667 335 Ι
809 265 812 292 “
864 289 866 301 ·
934 279 950 330 p
1005 265 1008 274 ’
1138 311 1142 320 ,

95 347 108 482 ,¹
157 372 161 388 '
194 373 195 380 '
287 391 347 452 ros
389 375 478 443 ιιι.
490 375 531 441 11.
546 367 638 446 css.
655 366 717 438 111.
735 367 972 440 Dusrsrnu.
991 377 1117 440 serv.
1144 383 1282 442 runos

407 525 451 608 ο)
470 513 629 587 Constat
647 520 938 597 observatione,
973 529 1059 606 post
1085 530 1230 604 certos,
1262 526 1330 592 itt

359 619 487 694 tensos
506 631 544 691 et
561 597 776 710 protractos
789 626 931 690 mentis
944 611 1095 692 labores
1109 633 1232 710 certas
1254 649 1328 694 en

262 739 265 746 '
362 728 514 816 cephali
544 737 673 812 partes
702 731 867 797 molesto
895 729 1182 816 defetigationis
1207 732 1330 800 adiici

354 842 486 911 sensu,
504 837 681 922 viresque
702 836 884 916 recreari„
903 843 942 902 st
958 838 1167 904 molestum
1187 841 1322 907 suffer-

283 933 298 976 Γ
357 942 394 1006 ri
424 948 599 1017 sensum,
633 940 704 1004 ubi
735 939 784 1004 ad
816 927 914 1004 alias
937 941 1146 1010 transimus
1170 944 1328 1012 animae

267 1041 269 1046 ’
317 1081 324 1096 ,
358 1045 640 1131 occupationes.

401 1189 439 1265 d)
461 1187 636 1279 Denique
656 1139 825 1255 eminent
854 1183 1042 1272 quosdam
1069 1187 1194 1253 enimi
1214 1123 1323 1257 dotes

297 1297 298 1300 ’
358 1299 397 1358 et
415 1293 556 1358 mentis
575 1289 783 1355 facultates
793 1287 832 1354 in
855 1289 1084 1354 hominibus
1104 1291 1251 1368 variis,
1283 1301 1322 1360 at

357 1404 578 1485 cernuntur,
597 1396 714 1463 simul
735 1395 947 1481 peculiares
980 1391 1180 1484 encaphali
1200 1415 1325 1488 partes

268 1509 270 1514 '
359 1507 483 1589 magis
505 1502 705 1582 evolutae;
734 1504 813 1567 imo
830 1501 972 1566 adserit
982 1489 1141 1584 nuptos}
1164 1491 1319 1571 easdem

327 1645 331 1650 -
363 1595 651 1677 obseruationes
676 1605 718 1670 in
747 1605 873 1692 brutis
906 1623 1053 1694 quoque
1086 1606 1325 1684 enimsiibus

358 1701 596 1778 confirmari.

157 1919 161 1938 ,
243 1807 263 1925 's
358 1853 411 1974 4).
428 1848 524 1956 Sunt
549 1871 703 1918 animae
723 1845 929 1918 facultates
944 1844 1322 1946 etouprdrtatescunt
1390 1881 1394 1890 ·

276 1959 431 2046 organis
453 1957 531 2024 suis
544 1945 790 2046 congenitae,
815 1959 928 2077 qm.-
922 1979 1013 2025 rero
1027 1960 1223 2030 cerebrum
1233 1981 1324 2033 con·

276 2063 450 2161 genitis
439 2065 487 2128 ris
507 2061 760 2128 constituitur
781 2051 955 2148 organis,
978 2065 1178 2149 encephsli
1201 2069 1322 2132 moles
1371 2103 1376 2127 r

56 2149 63 2165 ¹
275 2176 314 2235 et
333 2171 461 2234 forme
484 2170 711 2254 congenitae
732 2171 993 2254 quoquesunt
1036 2171 1318 2238 Potesttamen

276 2270 467 2360 primorie
489 2291 719 2356 organorum
739 2272 911 2336 conditio
934 2273 1080 2339 mutari
1108 2271 1298 2340 hactenus
1311 2314 1323 2353 ,

166 2389 170 2402 ·
256 2381 321 2469 ¹ut
344 2375 459 2439 certis
476 2373 731 2441 facultatibus
754 2373 898 2439 mentis
920 2379 958 2439 et
977 2373 1103 2440 anirni
1126 2375 1322 2466 cupidita·

165 2479 178 2524 ·.
234 2536 238 2542 ,
275 2479 382 2543 tibus
407 2479 531 2562 magis
558 2477 722 2543 excultis
744 2481 782 2541 et
809 2477 1014 2553 exercitis,
1045 2478 1108 2542 val
1136 2499 1228 2544 vero
1251 2501 1320 2544 ne·

143 2654 150 2663 Α
190 2658 196 2676 .
254 2584 435 2672 glottis,
468 2577 613 2671 org'rna
633 2577 908 2667 respondentia
927 2581 1054 2667 magis
1074 2585 1320 2662 evolvantur,

232 2767 235 2778 ,
273 2695 337 2759 vel
348 2711 436 2758 vero
451 2711 474 2754 a
487 2688 692 2778 congemis
702 2689 875 2756 recedant
886 2691 1126 2779 perfectione
1143 2681 1207 2782 a).

209 2894 212 2902 .
312 2839 586 2928 ’5)9ιιεενίι
611 2836 779 2921 animae
793 2856 939 2940 pegena
968 2838 1134 2923 duplici
1147 2839 1331 2920 esistunt¹

147 2987 151 2996 ,
266 2953 441 3047 ¹numero
474 2945 540 3030 (ςἱ
555 2957 631 3028 459
641 2944 679 3026 ),
711 2947 757 3006 ut
785 2940 880 3007 adeo
901 2943 1002 3008 laeso
1024 2945 1092 3007 sut
1121 2943 1318 3022 destructo

272 3051 386 3116 unius
408 3049 543 3114 lateris
562 3064 727 3142 organo,
746 3043 974 3128 respondens
988 3049 1320 3149 nonsomperlao·

57 3213 61 3222 .
137 3159 156 3178 ''
274 3155 461 3222 daturvel
480 3149 891 3233 aboleaturtacultas(
900 3158 930 3228 ς
942 3155 1067 3238 469.)
1090 3152 1200 3217 Haud
1216 3165 1317 3218 sem

271 3279 341 3344 per
361 3264 494 3321 tamen
516 3255 669 3339 aequali
692 3247 814 3338 gradu
835 3253 1001 3338 cujusvis
1025 3257 1159 3322 lateris
1180 3245 1313 3323 avolu·
1342 3323 1351 3342 ,

211 3377 215 3386 ·
270 3367 313 3424 te
333 3362 540 3424 cernuntur
567 3375 731 3442 organa,
763 3355 966 3444 voluitque
994 3360 1106 3425 Gneo
1139 3361 1317 3428 dextram

273 3445 479 3546 encepheli
497 3467 646 3544 partem
672 3461 753 3526 iere
788 3481 937 3546 semper
964 3465 1090 3549 magis
1116 3464 1317 3532 evolutam

272 3549 439 3650 cernere.
481 3565 519 3630 si
539 3583 628 3630 vero
646 3562 805 3650 aliquod
823 3564 1107 3651 hemisphaerii
1125 3570 1241 3635 unius
1254 3590 1317 3634 or-

203 3657 209 3672 ’
270 3671 662 3760 ganondeetruitur,
683 3673 1318 3764 alteriusleterissynonymspars
1396 3667 1398 3674 ’

268 3775 393 3864 magis
414 3799 492 3845 non
520 3771 608 3846 iero
629 3779 867 3866 explicetur,
890 3771 1045 3864 energia
1066 3786 1251 3867 sugatur,
1276 3783 1317 3846 et
1440 3813 1441 3818 ι

273 3881 419 3950 deletae
442 3881 568 3950 sociae
590 3881 714 3966 partis
735 3883 888 3969 supplet
902 3903 1051 3951 munus.

367 4027 410 4115 6)
430 4025 541 4112 Viget
560 4034 749 4112 perpetus
762 3997 864 4093 inter
885 4027 1090 4094 facultates
1110 4026 1266 4094 enimes
1278 4027 1320 4090 'et

260 4127 395 4226 ¹animi
415 4129 523 4195 dotes
545 4149 630 4194 cum
659 4128 761 4197 mole
795 4149 1056 4215 organorum,
1087 4129 1137 4199 iis
1159 4149 1318 4219 respon·

265 4231 443 4324 dentium
478 4233 703 4319 proportio,
738 4238 783 4301 ut
816 4233 910 4313 adeo
935 4253 959 4299 a
985 4231 1133 4312 maiore
1155 4231 1317 4352 iliarum

719 4369 721 4374 ·
1052 4371 1056 4379 ·
1099 4353 1271 4421 ¹esiergso
