2920 4998
628 301 687 424 Dl
719 346 891 432 nemrot*
1166 374 1228 446 541

184 489 336 570 stimuli
368 493 512 580 iidem,
544 497 613 584 qui
644 495 924 564 somniculosos
957 500 1122 566 excitare
1149 524 1232 570 non

183 603 352 687 amplius
376 608 558 684 poterant
584 598 638 686 (t.
654 605 770 684 561·)‚
794 601 872 683 iem
893 621 994 666 nuno
1029 605 1234 674 sufficiant

186 727 258 792 pro
274 724 385 770 sensu
397 704 631 770 suscitando.
652 705 762 768 Aliae
774 711 904 772 temen
916 709 1023 783 eunt,
1036 709 1093 771 vel
1111 711 1158 773 eh
1170 733 1230 776 ex·

184 817 246 877 tus
260 800 488 878 adcedentes
502 829 635 874 causas
647 853 659 887 ,
671 809 733 873 vel
744 809 849 874 intra
860 829 995 892 eorpus
1005 809 1228 891 existentes,

178 933 274 1002 quae
307 933 376 980 nos
405 913 590 996 evigilare
624 912 799 977 faciant:
820 915 900 1004 Huc
919 914 1073 978 referri
1100 921 1230 999 potest

180 1018 304 1084 lenior
317 1020 359 1083 in
371 1015 573 1101 sanguinis
587 1023 694 1082 motu
711 1036 865 1093 ,somno
887 1018 1118 1099 eoncilistus
1130 1065 1140 1099 ,
1153 1021 1221 1106 qui

109 1105 114 1112 ’
179 1123 339 1188 moleste
360 1121 514 1201 adficit,
538 1126 577 1184 et
600 1117 788 1182 instinctu
813 1118 984 1201 impellit
1007 1120 1054 1185 ad
1084 1123 1227 1190 oiroui.

181 1231 267 1294 tum
286 1222 597 1291 adcelerandum.
630 1221 763 1285 Solent
783 1219 929 1303 igitur,
962 1221 1030 1307 qui
1060 1223 1228 1289 edormi·

176 1337 270 1408 unt,
287 1329 524 1396 oscitatione
539 1372 558 1406 ,,
574 1327 838 1392 membrorum
856 1326 1177 1410 pandiculatione
1188 1333 1227 1395 et

180 1437 273 1499 eltis
295 1431 473 1516 suspiriis
494 1429 614 1494 citsre
635 1417 837 1513 sanguinis
856 1449 1035 1513 eursu-m.¹
1056 1433 1134 1495 lloc
1166 1435 1226 1496 la·

179 1541 260 1610 oto,
283 1557 368 1600 oum
391 1537 531 1602 humor
550 1531 686 1596 vitalis
708 1531 750 1594 in
771 1533 973 1614 pulmones
992 1531 1225 1614 uberiused·

179 1639 298 1718 fluat,
333 1639 485 1724 iamque
514 1636 637 1721 magis
666 1632 825 1698 idoneus
854 1653 924 1715 pro
957 1637 1221 1702 restaurandis

177 1743 327 1808 viribus
348 1743 535 1808 reddatur
556 1747 599 1818 (ς.
618 1739 845 1822 335—337.),
869 1739 985 1823 inque
1005 1744 1224 1823 pertaesin.

179 1847 286 1929 gulas
312 1843 457 1925 maiore
481 1861 566 1908 com
587 1845 628 1908 vi
648 1842 912 1926 propellatur,
944 1843 1133 1910 latentem
1162 1863 1226 1929 sy·

177 1948 353 2012 otomatis
376 1949 531 2012 nervosi
558 1947 755 2029 energiam
792 1947 977 2016 concitat.¹
1015 1946 1080 2010 His
1111 1947 1222 2012 adce-

174 2049 272 2114 dunt
292 2045 406 2131 lotii,
427 2049 580 2114 laecum
593 2093 606 2127 ,
627 2047 732 2112 muci
755 2051 827 2114 etc.
862 2047 1011 2112 diutius
1050 2056 1224 2118 retento·

99 2159 102 2164 '
172 2173 258 2217 rom
280 2143 491 2229 stimulus,
512 2153 678 2216 molesta
699 2150 742 2214 in
763 2145 946 2214 musculis
978 2143 1144 2218 sensistin
1157 2202 1169 2236 ,
1198 2175 1222 2221 a

171 2257 354 2324 decubitu
375 2257 559 2322 diuturno
581 2247 800 2330 orta,'sitie
820 2263 888 2317 eut
913 2255 1031 2321 famis
1063 2241 1223 2346 sensus,

171 2369 370 2456 matutine
395 2367 483 2447 lux,
503 2367 686 2451 strepitus
708 2363 834 2441 varii,
866 2368 928 2431 vel
956 2373 995 2431 et
1026 2378 1222 2434 suetorum
1304 2451 1311 2457 ,

175 2467 424 2535 stimulorum
444 2471 587 2553 (lucis,
616 2468 777 2550 caloris,
805 2468 995 2556 fragoris)
1024 2474 1222 2554 absentie,

175 2571 313 2658 quibus
336 2573 568 2640 dormientes
588 2574 822 2640 excitantur.

256 2713 474 2782 Adsuetudo
498 2716 617 2782 etiam
637 2717 734 2782 feeit
746 2761 758 2795 ,
779 2720 824 2780 ut
843 2718 1062 2801 periodious
1088 2719 1141 2786 sit
1157 2720 1220 2788 vi·

169 2816 354 2902 gilierum
373 2837 567 2898 recursus,
593 2827 724 2906 astque
748 2823 968 2890 observatio
988 2825 1218 2912 singularis,

170 2919 256 2990 deri
276 2919 481 3018 homines,
503 2923 571 3008 qui
590 2924 823 3008 praestituto
842 2927 1010 3014 quodem
1042 2934 1133 2992 enta
1158 2945 1219 2992 so·

169 3045 305 3094 rnnum
335 3033 533 3114 tempore,
557 3047 632 3115 quo
651 3031 900 3116 expergefieri
934 3032 1090 3110 volunt,
1108 3047 1223 3114 spon·
1319 3087 1324 3112 ,

168 3137 208 3197 te
229 3135 444 3220 evigilent,
462 3153 596 3198 somno
615 3155 685 3220 per
709 3154 794 3200 eam
811 3137 1074 3203 intentionem
1097 3133 1216 3200 facile

169 3239 413 3325 interrupto,
437 3246 554 3324 etque
577 3239 814 3308 conscientie
835 3238 940 3306 haud
960 3239 1074 3324 plene
1106 3239 1212 3303 ineo-

167 3342 276 3428 pita,
298 3349 342 3410 ut
362 3343 457 3410 odeo
479 3341 667 3428 temporis
689 3361 844 3410 cursum
862 3340 995 3410 metiri
1017 3343 1097 3408 sere
1127 3363 1213 3430 pos·
1270 3373 1272 3392 ι

135 3521 136 3528 ¹
167 3446 248 3512 sint
269 3447 316 3531 ⁶).
678 3453 681 3458 '

195 3605 198 3616 ·
247 3569 366 3634 Redit
394 3576 525 3656 autem
558 3569 793 3636 conscientia
825 3570 867 3636 in
908 3567 1214 3636 edormientibus

165 3674 432 3760 pedetentim,
458 3679 503 3740 ut
533 3674 574 3740 in
604 3676 876 3741 somniculosis
907 3673 1131 3757 deperditur
1156 3673 1210 3758 (ς.

167 3781 287 3863 561.),
314 3783 446 3863 estque
469 3777 588 3844 initio
622 3797 754 3848 sensus
791 3777 994 3852 obscurus,
1018 3781 1056 3840 et
1087 3795 1214 3861 peree-

162 3882 246 3966 ptio
269 3881 443 3958 confuse3
471 3879 577 3946 visus
602 3901 693 3947 vero
713 3881 771 3949 vis
788 3881 939 3947 tardius
965 3877 1066 3944 redit
1091 3900 1209 3966 quem

161 3984 402 4071 reliquorum
424 4001 613 4049 sensuum.
648 3983 739 4050 lnde
760 3985 879 4048 etiam
901 3987 981 4053 est,
1006 3982 1105 4067 quod
1119 4003 1208 4067 pro.

159 4085 281 4154 fun'do
300 4105 435 4152 somno
455 4084 651 4164 immersi,
679 4087 748 4154 ubi
776 4085 904 4150 subito
937 4085 1206 4170 expergiscor*

160 4193 245 4276 tu'r,
267 4193 395 4260 lecum
415 4193 614 4277 nescient,
630 4193 698 4262 ubi
720 4195 908 4276 existunt,
928 4215 996 4259 nec
1031 4199 1119 4258 ante
1145 4215 1207 4260 so.

160 4319 294 4370 mnum
321 4305 524 4376 aetorum,
545 4307 612 4368 aut
627 4319 731 4368 nuno
745 4283 984 4388 edendorum
1006 4297 1216 4374 recorder«-
