2898 4996
261 335 325 404 170
368 319 607 390 haltere.
626 311 690 381 tu.
712 315 1100 383 beatissimum.
1124 309 1259 382 iures.

193 439 201 450 '
245 503 249 511 ,
331 439 335 450 ’
360 461 517 539 cetvth
536 460 564 514 c
577 456 680 512 ezra
698 455 792 512 raes.
804 456 891 512 xvn.
909 457 1060 513 svnt.-
1078 456 1251 513 sconem
1267 466 1308 511 ιι-

326 543 718 620 balaonevrologicaelab.
734 544 979 608 l,-LODER1.
997 561 1024 600 c.
1042 561 1073 599 n·
1089 559 1133 615 27.

734 746 764 815 §-
785 748 862 822 457·
886 755 890 768 '

204 899 207 912 ³
261 919 842 990 Cerebiie'tnervorum
877 897 1313 991 differentiaain

613 1025 947 1093 animalibus.

239 1261 240 1266 κ
345 1218 383 1282 Si
397 1235 608 1300 ,corporum
631 1197 894 1280 animatorum
918 1211 1223 1301 consideremus,
1244 1212 1306 1278 in·

263 1320 308 1384 de
329 1342 352 1384 a
371 1323 488 1386 classe
518 1319 656 1384 infima
674 1338 791 1402 usqua
822 1314 1022 1380 hominem
1039 1315 1105 1400 (t.
1126 1333 1177 1412 397
1199 1321 1306 1402 45),

189 1466 193 1478 ,
261 1419 541 1504 perfectiones,
565 1422 649 1484 tum
672 1419 820 1482 nullam
851 1423 953 1481 certo
978 1417 1196 1503 invenimus
1217 1438 1308 1501 par-

261 1529 365 1600 tem,
399 1544 495 1609 quae
518 1529 600 1588 tam
624 1521 786 1610 definita
807 1525 845 1584 et
866 1519 1026 1599 stricta,
1058 1527 1172 1606 atque
1194 1521 1311 1603 pede-

259 1628 405 1690 tentim
424 1625 581 1690 nonnisi
598 1623 1108 1709 procrescenteparfectione
1122 1624 1169 1688 ad
1182 1625 1310 1688 maxi·

264 1749 372 1794 mum
386 1729 626 1811 provehatur
637 1727 812 1812 gradum,
828 1718 943 1810 quam
955 1725 1083 1810 ipsum
1094 1727 1309 1791 cerebrum.

263 1833 464 1896 Cernimus
486 1830 528 1894 in
557 1829 705 1896 infimis
722 1827 957 1912 animalibus
978 1829 1199 1896 corticalem
1217 1830 1309 1932 spb-

263 1936 476 2010 stantiam,
499 1929 692 2000 ¹funiculis
713 1933 957 2016 simplicibus
983 1937 1022 1996 et
1046 1931 1199 1998 nodulis
1221 1953 1311 2000 con·
1355 1937 1381 2025 Ἰ
1440 1989 1441 2002 ,

262 2043 439 2122 gestam3
460 2035 680 2103 formantur
687 2037 728 2102 in
750 2038 838 2101 aliis
850 2037 1034 2120 ganglia,
1051 2056 1148 2121 quae
1169 2038 1210 2100 in
1222 2055 1306 2122 per-

155 2230 160 2241 x
259 2145 491 2210 laetioribus
514 2145 725 2208 individuis
757 2149 1058 2221 coacervantur,
1091 2146 1309 2229 sensimque

259 2249 320 2312 ita
339 2257 561 2326 mutantur,
595 2254 638 2311 ut
659 2249 737 2330 jam
759 2250 871 2314 varia
893 2255 1108 2330 appareant
1131 2269 1306 2334 corpora,

260 2364 436 2422 centrum
460 2355 619 2440 aliquod
639 2353 938 2430 constituentia;
964 2356 1095 2418 eadem
1111 2353 1199 2420 dein
1223 2375 1306 2418 cor·

260 2482 356 2550 pora
377 2461 536 2545 infinita
548 2462 625 2524 fere
637 2461 826 2524 varietate
836 2502 846 2535 ,
873 2467 911 2523 et
924 2444 1124 2524 obseruata
1138 2459 1307 2548 quadam

257 2570 511 2652 gradatione,
539 2587 608 2650 per
631 2565 862 2631 animalium
886 2559 1038 2634 ordines
1062 2565 1303 2651 figurantur,

262 2673 605 2755 coagmentantur,
627 2667 838 2752 junguntur
849 2711 860 2744 ,
885 2676 922 2734 et
940 2669 981 2733 in
995 2679 1117 2753 partes
1136 2671 1304 2755 insignes

256 2775 520 2862 explicantur,
553 2769 673 2836 donec
693 2771 867 2852 tandem,
884 2772 1128 2838 admirabilis
1151 2773 1221 2838 illa
1242 2793 1303 2838 or·

258 2897 446 2961 ganorum
459 2877 653 2959 congeries
664 2895 742 2940 sese
753 2876 862 2940 nobis
878 2877 1084 2954 exhibeat,
1112 2855 1209 2962 quae
1227 2880 1300 2946 hu·

255 2981 365 3044 mani
385 2980 533 3064 ingenii
556 2983 595 3041 et
616 2977 855 3064 reliquarum
884 2973 1038 3044 animae
1067 2981 1303 3046 facultatum

255 3081 315 3148 ‘est
339 3083 657 3153 instrumentum.

345 3247 428 3330 Quo
451 3249 579 3310 autem
599 3243 1199 3330 inordinaphaanerobiotorum
1220 3270 1304 3316 cor·
1352 3227 1355 3233 ¹
1381 3293 1390 3306 ·

257 3369 397 3436 porum
417 3352 790 3438 neraeisystematis
810 3353 976 3437 vestigia
995 3356 1208 3439 incipiant,
1230 3357 1301 3424 de·

256 3451 467 3518 terminare
479 3453 666 3518 hactenus
693 3461 854 3520 naturae
874 3461 1104 3520 scrutatores
1125 3477 1202 3522 non
1214 3465 1303 3540 pot-

258 3561 381 3626 erant.
413 3557 611 3621 vermibus
634 3551 902 3634 etmolluscisl
921 3577 1018 3643 quae
1040 3578 1196 3642 corpore
1210 3565 1303 3624 sunt

259 3667 391 3723 tenero
413 3662 618 3726 admodum
642 3661 827 3740 etmolli,
849 3668 893 3724 ut
911 3661 1005 3726 adeo
1019 3680 1223 3727 nervosum
1239 3680 1303 3746 sy·

258 3767 382 3828 stema
399 3764 484 3828 sisti
513 3761 653 3834 inillis
682 3763 785 3846 haud
812 3765 957 3848 possit,
988 3762 1226 3830 erlewini
1254 3785 1300 3828 ex

257 3868 440 3952 analogia
460 3867 563 3932 idem
585 3867 807 3952 adjudicat,
841 3859 993 3953 quoties
1020 3873 1148 3951 partes
1172 3865 1304 3936 adfue-

256 3967 340 4032 rint
359 3967 512 4055 (vasa,
541 3968 662 4052 hepar
682 3975 752 4034 etc.
769 3969 786 4055 )
798 4012 808 4045 ,
841 3989 936 4055 quae
959 3969 1056 4033 alibi
1077 3970 1304 4034 sinenervis

255 4069 657 4157 ,heuminveniuntoa
700 4071 758 4136 Sic
780 4071 898 4137 etiam
920 4091 1071 4138 vermes
1092 4071 1300 4137 intestina·

256 4173 335 4256 tec,
366 4174 433 4261 qui
445 4175 615 4258 corporis
626 4179 716 4240 sunt
728 4174 960 4262 cylindrici,
982 4174 1140 4242 utidem
1159 4180 1297 4242 auctor

882 4433 891 4464 Ι
