2920 4998
371 423 531 480 ananan
552 423 849 491 resumamus.
1100 399 1168 520 5o¹s¹

191 613 194 624 .
253 564 296 650 n)
344 561 540 646 corporis*
570 555 828 635 constitutio,
864 562 1173 642 temperamenta

170 723 172 736 ,
210 663 256 747 (i.
278 669 481 750 243-250.)
496 710 507 744 ,
520 683 627 728 sexus
647 663 819 726 diversus
836 658 888 744 (ς.
910 672 1013 746 251.),
1034 663 1170 728 olima·

214 768 266 832 tis
288 767 437 831 stanni
459 765 641 849 temporis
662 765 826 830 influxus
860 761 927 843 (ss.
959 767 1034 848 236.
1056 770 1170 852 237.),
1211 826 1223 852 ,

214 868 367 934 sanitas
380 876 417 932 st
434 852 591 936 morbus
613 864 766 930 animae
787 870 1021 950 potestatem
1034 908 1044 942 ,
1056 876 1102 934 ut
1114 875 1173 933 tn·

212 971 285 1037 ties
306 969 772 1056 experimur‚plurimum
786 968 1061 1034 determinant.
1080 971 1173 1033 Pro-

216 1073 350 1139 stratis
392 1074 539 1150 viribus
568 1071 788 1155 organicis,
815 1070 970 1138 animae
1021 1090 1172 1159 quoquc

85 1179 89 1190 '
213 1182 511 1256 prosternuntur
539 1175 641 1240 vires
662 1216 673 1249 ,
705 1175 829 1259 iisque
873 1174 1055 1240 exaltatis
1094 1173 1171 1236 has

216 1275 439 1340 exaltantur
452 1297 460 1353 ;
472 1277 643 1342 videmus
662 1275 703 1339 in
725 1276 869 1340 morbis
890 1277 1037 1352 acutis,
1054 1277 1173 1364 inque

221 1380 552 1464 aegritudinibus,
577 1399 779 1446 nervosum
796 1377 971 1463 systema
985 1377 1173 1444 adficien-

214 1486 339 1563 tibus,
363 1486 537 1548 animam
556 1487 782 1567 plerumque
808 1484 863 1548 sic
888 1481 1027 1582 adiici,
1049 1491 1094 1548 ut
1121 1485 1175 1546 ls-

215 1604 278 1670 ges
300 1592 426 1648 suetas
449 1583 555 1648 haud
586 1591 791 1674 sequatur,
816 1584 878 1647 vel
910 1585 1040 1660 iurat,
1071 1577 1172 1647 desi-

217 1691 328 1782 pist,
351 1689 411 1752 vel
432 1689 589 1770 ‘penitus
608 1689 876 1754 labefactetur.
899 1691 937 1752 Ἀ
967 1685 1078 1750 vitiis
1112 1705 1173 1749 or-

126 1861 131 1866 ,
216 1791 363 1876 ganisis
385 1790 589 1874 encephati
621 1793 794 1856 maniam
820 1791 1042 1876 frequenter
1075 1789 1173 1854 oriri

217 1903 254 1960 et
275 1894 372 1958 alios
395 1893 534 1956 mentis
556 1896 709 1959 morbos
722 1873 985 1978 ,experientia
1006 1898 1170 1958 constat.

214 1999 406 2063 viscerum
446 1998 755 2064 abdominalium
789 1996 1034 2062 conditiones
1068 2015 1171 2087 sulm-

212 2121 319 2166 mum
340 2101 481 2166 habere
500 2102 691 2166 influxum
719 2103 761 2165 in
795 2097 990 2176 animum,
1007 2099 1175 2164 adfectio
1198 2152 1202 2160 a

164 2201 184 2226 ⁵
210 2205 580 2289 hypochondriaca,
604 2201 889 2285 melancholia,
915 2211 955 2268 st
984 2201 1173 2286 proclivi-

214 2312 274 2371 tas
295 2302 337 2370 in
367 2308 597 2392 pathemata
630 2305 739 2368 varia
771 2305 998 2381 ostendunt,
1020 2324 1117 2391 quae
1149 2323 1174 2364 a

210 2409 316 2490 lassa
333 2409 573 2494 digestione,
597 2408 910 2494 chylificatione,
936 2398 1173 2494 cholopoiisi,

212 2521 252 2577 et
273 2511 442 2578 alienato
465 2514 506 2578 in
520 2516 729 2599 systemate
747 2519 872 2576 venae
884 2518 1085 2599 portarum
1099 2511 1171 2576 cir·

210 2613 318 2679 cuitu
338 2615 561 2700 frequenter
583 2617 777 2682 oriuntur.
1141 2616 1144 2620 ’

254 2757 301 2848 3)
326 2753 546 2820 Mistionsm
563 2756 791 2838 ,organicam
810 2761 849 2822 et
866 2755 1011 2821 virium
1035 2775 1168 2847 corpo·

208 2879 367 2926 reorum
388 2866 534 2927 statum
557 2882 625 2945 per
646 2863 804 2928 animae
831 2861 1052 2929 functiones
1084 2881 1170 2926 mu·
1219 2879 1225 2896 ·

133 2961 136 2972 '
211 2961 320 3038 tari,
340 2961 567 3047 defatigatio
589 2969 628 3027 et
647 2965 788 3049 quietis
811 2959 1023 3050 necessitas
1042 2967 1170 3027 osten·
1263 2973 1266 2980 ⁴

213 3067 325 3132 dunt.
371 3067 553 3136 Videmus
586 3073 788 3151 praeterea
824 3064 990 3156 recreari
1025 3067 1168 3154 mentis

215 3172 319 3238 vires
340 3191 425 3235 cum
451 3172 643 3257 corporeis
664 3193 687 3236 a
711 3173 794 3238 cibo
818 3161 856 3236 et
886 3177 984 3258 potu
1012 3169 1169 3236 adsum·
1291 3162 1294 3174 '

211 3281 334 3355 tis,et
355 3277 548 3363 prosterni
572 3280 730 3344 animae
752 3285 791 3344 et
814 3277 986 3362 corporis
1007 3279 1088 3342 vim
1100 3297 1169 3368 per
1216 3267 1221 3301 *

213 3385 387 3450 inediam
415 3383 481 3447 diu
511 3389 771 3468 protractam,
792 3403 935 3469 perque
953 3383 1169 3469 sanguinis,

215 3485 422 3571 spermatis
450 3491 490 3558 et
510 3485 680 3552 aliorum
701 3485 903 3552 humorum
924 3487 1126 3568 iacturam.

252 3627 295 3714 4)
330 3627 662 3710 Quemadmodum
703 3629 962 3698 incitamenta
998 3632 1172 3716 organici
1249 3705 1252 3712 ,

214 3733 383 3816 corporis
406 3752 473 3816 per
496 3723 689 3821 actionem
709 3733 935 3802 diuturnam
964 3731 1171 3802 relativam

213 3837 398 3902 emittunt
415 3839 521 3918 vim,
544 3839 701 3928 ipsaque
722 3842 916 3922 vitalitas,
934 3860 1002 3924 per
1021 3846 1170 3906 certum

210 3936 416 4026 stimulum
438 3925 649 4018 exhausta,
674 3946 840 4010 excitari
857 3965 927 4028 per
946 3943 1068 4012 alium
1083 3951 1172 4028 pot·

212 4044 272 4102 est
304 4039 355 4126 (ς.
386 4057 438 4124 73.
468 4062 506 4110 n.
540 4046 603 4109 111.
633 4044 733 4133 1V,),
760 4048 818 4116 ita
848 4066 998 4136 quoque
1030 4047 1174 4116 mentis

209 4141 431 4230 inanitates
460 4167 527 4232 per
556 4149 707 4231 objecta
737 4151 882 4220 eadem·
902 4156 1176 4239 deprimuntur

212 4249 374 4320 tandem
384 4293 398 4334 ,
418 4273 486 4343 per
506 4252 584 4324 alia
604 4274 731 4326 rursus
751 4256 991 4330 excitandae.
