2904 5002
302 366 368 448 rell
390 431 394 438 ,
522 356 637 439 ²ino.
659 362 705 432 11.
733 329 823 433 cir.
842 364 899 431 lv.
920 365 979 432 Dr
1005 319 1155 432 soreos

306 503 490 590 limpido,
524 506 722 571 arteriolis
757 507 964 581 exsudeto,
999 505 1171 590 irrigati.
1212 505 1347 602 Eorum

306 613 546 676 racculorum
563 631 661 675 unus
683 595 734 674 ro
750 617 798 675 tu
810 632 834 673 n
847 611 870 674 d
885 629 942 673 ue
967 615 1047 690 est,
1070 616 1109 674 et
1127 609 1266 674 haeret
1285 629 1348 691 pro
1400 605 1405 628 '

304 714 473 778 dimidia
495 714 687 796 oniperto
709 714 752 776 in·
768 731 914 794 recessu
940 713 1277 797 hemisphaerion,
1299 713 1350 774 al·

300 827 387 884 tere
400 818 565 882 dimidia
585 823 697 902 perte
708 813 812 880 ultra
825 836 912 880 eum
924 835 1111 880 recessum
1131 815 1350 898 prominen-

303 928 356 986 te.
388 924 496 986 Alter
527 909 775 1004 oblo'ngus
808 942 836 982 s.
870 919 1351 984 alveuseommunie

306 1025 494 1090 ductuum
512 1007 888 1102 semicirculerium,
920 1042 990 1106 pro
1013 1027 1125 1105 parte
1147 1022 1190 1086 in
1205 1040 1350 1086 recessu

301 1128 590 1210 hemielliptico
620 1125 780 1203 haeret,
809 1124 1037 1208 producitur
1061 1145 1178 1212 usque
1207 1124 1349 1190 ostium

219 1297 222 1304 ,
304 1231 468 1297 inferius
483 1231 628 1298 canalio
642 1232 940 1318 semicircularis
958 1231 1195 1314 posterioris,
1208 1233 1351 1296 omnie-

304 1356 378 1420 que
387 1338 468 1400 reci
479 1337 538 1419 pit
560 1338 759 1402 canalium
772 1337 1156 1404 membranaceorum
1169 1337 1352 1404 ductuum

289 1441 653 1508 -eemicireulerium
676 1444 778 1507 ostia
794 1444 847 1530 o).
868 1443 1052 1514 Fenestr.a
1065 1453 1196 1512 nutem
1210 1445 1352 1522 ovalis,

286 1546 474 1630 .edeoque
492 1544 662 1629 stapedie
681 1544 806 1620 basis,
826 1549 952 1612 utcel.
976 1549 1249 1613 somniumne
1267 1547 1353 1611 illu·

302 1649 464 1725 stravit,
484 1651 642 1734 utrique
662 1648 870 1732 respondet
890 1652 1042 1716 sacculo
1056 1651 1345 1718 membranaceo

306 1759 345 1818 et
364 1753 467 1820 ostio
486 1755 614 1818 ecelae
635 1752 820 1836 tympani
839 1753 1015 1818 cochleae
1035 1752 1097 1837 d).

513 1961 552 2018 ll.
577 1960 757 2018 Canales
787 1962 1144 2026 semicirculum.

388 2132 587 2218 Occupent
607 2136 709 2202 terni
730 2137 774 2202 hi
796 2139 949 2204 canales
967 2142 1199 2206 exteriorem
1222 2146 1261 2207 et
1284 2159 1346 2224 po·

302 2237 505 2301 nteriorem
524 2236 744 2322 labyrinthi
770 2248 921 2326 partem
947 2244 1004 2326 e);
1031 2223 1208 2310 sormunt
1228 2245 1346 2308 flexus
1424 2244 1425 2266 ³

301 2338 606 2407 semicircularee
619 2386 632 2420 ,
653 2344 905 2411 teretiusiulo
917 2379 934 2396 -
947 2331 1204 2432 compressos,
1238 2350 1347 2414 ethi·

209 2519 212 2526 .
303 2451 374 2510 ent
396 2447 546 2510 ostiolis
570 2449 763 2533 quinque,
787 2467 951 2534 quorum
971 2448 1050 2514 trie
1072 2452 1268 2535 ampliate
1287 2471 1349 2516 ve-
1425 2488 1426 2504 κ

300 2547 443 2611 siculas
463 2549 844 2634 formantelliptices
864 2551 932 2638 f),
955 2553 1260 2621 investibulum.
1282 2556 1347 2617 Ge·

301 2651 407 2718 nelis
428 2653 1347 2739 superiore.en'teriorsuprememeten·

301 2754 422 2822 tieem
443 2756 667 2841 labyrinthi
686 2763 838 2841 per-tem
853 2760 1079 2837 constituit5
1101 2759 1347 2846 rerpiqitfor·

302 2860 388 2928 nice
408 2859 627 2942 superiora,
653 2865 692 2924 et
711 2859 944 2925 descendunt
966 2881 1077 2928 crura
1099 2863 1350 2946 perpendicu-

302 2963 380 3028 leri
392 2964 481 3026 lere
503 2961 742 3039 directione3
760 2982 843 3030 crus
865 2964 1040 3030 anterius
1059 2967 1159 3031 ostio
1175 2967 1346 3051 elliptico

299 3066 344 3134 in
365 3066 605 3132 vestibulum
624 3065 734 3143 hiet,
755 3066 948 3150 posterius
970 3085 1163 3132 verorum
1176 3069 1346 3134 anterio-

304 3192 347 3236 re
370 3191 481 3257 ‘crure
511 3170 659 3238 oenelie
683 3169 1134 3256 posteriorioiungitur,
1173 3173 1347 3260 ostioque

302 3276 500 3342 communi
525 3278 566 3341 in
594 3275 833 3342 vestibulum
862 3276 1048 3370 operitur.
1092 3276 1245 3342 canalis
1268 3293 1345 3361 po·

300 3378 492 3444 sterior
511 3397 541 3444 e.
566 3378 804 3444 inferior
825 3385 1343 3463 ercusuopostroroumspe·

299 3491 381 3558 etet
392 3528 405 3565 ,
428 3505 538 3552 orure
557 3506 635 3551 uno
655 3487 876 3573 superiore,
904 3491 948 3551 ut
964 3505 1067 3550 nunc
1089 3484 1238 3552 dictum
1265 3489 1344 3558 ert,

298 3590 507 3676 inertium
532 3610 735 3658 commune
759 3592 891 3671 juncto
904 3634 917 3670 ,
955 3589 1145 3656 inferiore
1170 3587 1343 3672 elliptico

299 3697 400 3765 ostio
418 3698 461 3763 in
482 3697 719 3764 vestibulum
740 3701 915 3780 petente.
957 3694 1210 3759 Externos
1238 3690 1341 3766 ‹leni-

301 3825 374 3891 que
388 3801 556 3876 canalio,
577 3799 775 3886 prioribus
786 3799 957 3874 brevior,
979 3797 1261 3863 horizontalem
1273 3792 1341 3857 he·

298 3908 367 3974 bet
396 3907 594 3990 positum,
631 3924 814 3993 arcuque¹
831 3922 899 3968 suo
928 3905 1143 3966 extrorsum
1171 3903 1340 3984 spectet,

105 4069 111 4080 .
232 4061 234 4066 .
301 4031 411 4076 crure
430 4027 507 4073 uno
527 4014 770 4083 antroreum,
802 4013 842 4072 et
865 4007 987 4071 altero
1007 4011 1246 4087 postrorrum
1261 4019 1341 4083 ope·

298 4115 519 4190 otentibur,
551 4121 667 4199 etque
695 4114 805 4178 ostiis
828 4111 1023 4178 distinctio
1045 4111 1085 4174 in
1107 4109 1337 4200 restibulum

300 4217 541 4304 petentibus.
585 4215 739 4283 Habent
759 4216 894 4306 itaque
913 4214 945 4282 ii
968 4215 1120 4281 canales
1141 4212 1258 4280 telem
1275 4227 1339 4296 po·
