2898 4996
133 788 137 824 l
184 807 190 814 .

245 377 304 465 rii
346 377 434 446 Lis.
454 357 613 476 iture.
640 365 703 434 ΙΙΙ.
730 371 787 434 Dr
810 377 1123 437 ermentomv-
1140 383 1281 440 soror.

244 499 489 598 formantur,
507 531 670 604 quorum
696 512 877 596 figuraet
901 531 1081 612 numerus
1104 513 1147 576 in
1166 513 1292 578 variis
1418 529 1420 604 ζ

226 664 228 672 ‚
241 625 409 707 piscium
423 619 619 703 speciebus
633 614 832 697 differunt.
844 617 961 680 Nervi
975 618 1095 700 optici
1108 617 1293 702 inpleris·
1420 635 1421 650 ¹

218 765 221 774 ‚
247 720 321 814 que
338 725 506 810 piscibus
526 721 739 786 manifeste
760 741 798 818 se
822 720 1023 786 decussaut
1041 720 1099 804 h).

328 867 473 930 Parvae
498 863 608 928 molis
635 870 672 927 et
694 863 864 928 multum
894 861 1018 928 adhuc
1042 859 1290 948 imperfectus

227 965 531 1054 ¹reptilium
558 971 616 1031 est
648 968 907 1050 encephalu53
940 971 1129 1049 apparent
1159 973 1292 1048 partes

233 1088 380 1138 'omnes
398 1074 562 1154 planae,
580 1078 746 1156 suntque
758 1071 872 1136 sulcis
888 1077 925 1136 et
940 1070 1044 1154 gyris
1059 1069 1294 1146 destitutae;

246 1175 376 1250 nulla·
389 1176 497 1239 adest
536 1177 746 1240 manifesta
786 1175 1020 1241 substantiae
1041 1173 1293 1259 duplicitas,

191 1345 199 1354 ,
245 1299 317 1346 nec
338 1279 460 1344 ullum
472 1270 696 1343 arbusculae
708 1280 749 1347 in
764 1279 951 1346 cerebello
970 1279 1204 1357 vestigium:
1229 1281 1292 1343 iu·

246 1387 361 1447 terna
374 1389 512 1448 tamen
525 1383 901 1469 hemisphaeriorum
925 1384 1142 1448 substantia
1163 1383 1204 1447 in
1222 1383 1295 1445 Te·

133 1473 141 1496 ¹
250 1486 405 1552 etudine
424 1488 578 1564 striati„
592 1487 743 1576 aliquid
771 1489 935 1552 exhibet.
969 1487 1149 1559 colliculi
1174 1487 1299 1588 opifici

249 1609 351 1673 pone
379 1592 667 1676 hemisphaeria
694 1593 955 1665 collocantur,
973 1591 1026 1656 'et
1060 1597 1199 1674 gerunt
1229 1611 1295 1654 ca·

192 1684 197 1692 ⁴
247 1705 364 1758 ream
387 1696 578 1773 mediam,
599 1716 686 1760 cum
701 1695 981 1760 cameratertia
1003 1697 1294 1763 communican-

252 1803 348 1860 tem.
371 1797 521 1861 Adsunt
533 1799 805 1863 commissurae
825 1797 980 1862 adfines
995 1799 1198 1865 ventriculi
1215 1807 1297 1863 t'er·

239 1900 329 1981 ¹tii;
347 1897 485 1964 desunt
502 1905 634 1964 tamen
656 1901 907 1964 commissura
922 1901 1050 1964 mollis
1074 1907 1113 1964 et
1137 1921 1301 1984 corpora

256 2002 563 2088 quadrigemina.
587 2005 755 2070 Medulla
773 2002 958 2102 spinalis,
984 2003 1123 2067 sicum
1149 2003 1298 2070 cerebri

185 2153 189 2164 ·
254 2108 356 2176 mole
370 2111 606 2188 conferatur,
629 2111 671 2172 in
684 2107 897 2192 amphibiis
912 2109 1092 2194 plurimis
1109 2107 1298 2194 insignem

217 2222 220 2235 ·
254 2211 411 2278 exhibet
434 2210 742 2321 magnitudinem
756 2213 805 2298 i).

237 2423 240 2430 ,
338 2369 463 2430 Aves
482 2361 606 2426 multo
631 2359 859 2443 perfectiore
880 2361 1049 2445 gaudent
1070 2357 1299 2443 encephalo,

259 2469 405 2547 septem
435 2463 653 2548 praecipuis
683 2463 857 2547 partibus
880 2465 1103 2547 composito.
1150 2463 1302 2528 Adsunt

254 2583 393 2653 nempe
416 2569 489 2636 duo
516 2567 805 2660 hemisphaeria
814 2601 830 2643 ‚·
856 2566 929 2632 duo
959 2567 1129 2633 colliculi
1152 2565 1272 2651 optici
1286 2606 1301 2642 ,

250 2693 322 2739 eeu
352 2673 502 2755 potius,
530 2679 576 2736 ut
595 2675 662 2738 cel.
697 2673 861 2736 Macran
893 2671 1022 2747 docet,
1060 2669 1296 2736 eminentiae

258 2776 576 2864 quadrigeminae
588 2809 606 2853 ,x
617 2774 882 2862 hypophysis,
904 2776 1130 2840 cerebellum
1163 2781 1205 2838 et
1220 2793 1301 2837 me-

260 2879 368 2961 dulla
381 2882 603 2962 obiurgata.
621 2879 925 2962 Hemisphaeria
939 2877 1103 2959 figuram
1119 2875 1304 2939 exhibent

257 2987 513 3062 fornicatam,
541 2983 835 3056 cordilormem,
861 2983 968 3065 apice
983 2987 1201 3046 antrorsum
1218 2999 1301 3066 spe·

260 3087 457 3161 ctante'm;
490 3081 629 3148 desunt
649 3091 785 3148 tamen
804 3085 888 3168 gyri
910 3085 1075 3154 esculei.
1122 3085 1304 3150 Eminen-

257 3191 340 3253 tiae
370 3185 690 3270 quadrigeminas
722 3187 826 3250 infra
853 3187 1149 3269 'hemisphaeria
1183 3171 1306 3259 ⁸collo-

260 3296 425 3366 cantur3
453 3277 564 3352 adest
593 3287 833 3352 substantiae
863 3287 1094 3371 duplicitas,
1132 3303 1229 3372 quae
1263 3290 1306 3354 in

260 3394 401 3462 arbore
433 3389 609 3455 cerebelli
639 3396 795 3456 eminet.
829 3395 975 3456 Desunt
1005 3393 1135 3475 plures
1158 3388 1304 3455 cerebri
1402 3383 1406 3391 ’

257 3496 435 3578 insignes
448 3492 739 3560 commissurae:
763 3513 898 3576 corpus
921 3493 1128 3571 callosum,
1149 3496 1304 3576 septum

256 3601 457 3677 ¹tucidum,
494 3601 647 3683 fornix,
678 3607 842 3686 suntque
874 3599 1160 3684 hemisphaeria
1184 3599 1311 3666 mexi-

262 3723 370 3769 mam
388 3709 539 3786 partem
559 3706 606 3768 ab
621 3703 788 3766 invicem
809 3709 997 3782 separata.
1014 3703 1181 3784 Corpora
1193 3698 1309 3767 stria-

198 3883 202 3890 *
261 3814 305 3872 ta
326 3809 538 3872 maximam
571 3805 950 3888 hemisphaeriorum
970 3805 1191 3889 portionem
1216 3825 1306 3872 con·

261 3913 434 3976 stituunt
461 3912 503 3976 in
525 3912 700 3986 avibus„
728 3909 834 3973 deest
855 3917 986 3974 tamen
1010 3907 1119 3974 iniis
1154 3914 1306 3976 alterna

261 4015 503 4078 substantiae
526 4014 721 4078 curticulis
754 4019 790 4076 et
815 4013 1038 4078 medullaris
1068 4014 1308 4084 vicissitudo.

259 4117 504 4182 Ventriculus
531 4116 670 4178 tertius
702 4135 788 4178 cum
821 4115 1095 4192 infundibulo,
1144 4135 1304 4202 cumque
1406 4124 1409 4132 '

263 4219 480 4287 ventriculo
492 4211 629 4304 quarto
645 4217 921 4286 communicat.
938 4219 1182 4288 Ventriculus
1197 4237 1310 4305 quar·

586 4313 597 4336 c
