2904 5002
252 338 364 441 ssor.¹
384 335 443 404 vl.
466 277 697 404 urrunnu.
722 333 767 402 11.
793 348 924 422 sorus.
1091 349 1155 422 447

103 500 166 546 res
188 481 454 564 procedendo,
477 502 521 556 c,
549 481 591 560 d,
622 503 662 555 e,
682 480 731 560 f,
762 501 811 564 g,
842 502 889 561 a,
913 482 937 546 h
958 481 1162 570 designan-
1222 463 1227 473 ⁹

106 591 187 652 tur.
232 575 281 650 Hi
299 605 389 652 vero
408 582 603 668 'primitivi
627 583 714 649 toni
736 580 775 650 in
788 587 899 650 veria
911 587 1103 672 gravitate
1123 581 1164 654 et

103 685 318 756 altitudine
338 711 416 754 sese
430 691 638 772 repetunt,
657 689 702 751 ut
725 685 819 754 adso
834 680 1004 773 eiusdem
1025 693 1164 758 literae
1269 733 1271 738 ·

105 789 195 858 toni
224 791 299 860 sibi
327 792 605 878 respondeant,
638 797 676 856 et
707 789 766 856 ita
798 795 919 861 dictas
951 802 1165 886 octavas

58 940 61 948 ·
104 901 377 977 constituant,
421 907 585 981 quarum
610 896 870 962 communiter
896 904 1064 984 quatuor
1087 874 1165 964 sie·¹

103 1003 297 1066 tuunturs
318 990 547 1084 gravissima
567 997 581 1080 (
594 994 694 1060 bosso
719 995 843 1083 c-H)
854 1042 865 1076 ‚
875 1031 878 1037 r
890 997 1008 1064 tortia
1021 1004 1035 1084 (
1047 1013 1164 1067 tenore

104 1105 233 1186 ⁶⁶71)
251 1147 263 1180 ,
290 1102 415 1166 altera
437 1091 627 1184 (eltoe‘-
640 1097 721 1175 ls'),
742 1090 968 1167 acutissima
989 1103 1165 1186 (soproao'

105 1207 135 1268 c'
139 1199 302 1290 '.-h”)
336 1203 402 1268 His
423 1209 556 1267 tamen
577 1201 771 1286 graviores
794 1210 833 1268 et
855 1206 1068 1289 atutrores
1093 1228 1164 1272 au-

105 1305 218 1372 ribus
241 1308 379 1372 nostrie
401 1293 693 1390 perceptibiles,
715 1303 977 1388 danturtoni,
996 1310 1037 1376 id
1061 1311 1164 1399 quod
1205 1379 1208 1386 ,

105 1425 257 1492 organa
269 1407 413 1474 musice
426 1405 661 1491 perfectiora
673 1408 891 1491 ostendunt,
916 1431 1013 1498 quas
1030 1411 1163 1478 decem

109 1519 272 1579 octavas
291 1509 614 1594 complectuntur.
659 1513 769 1580 Ultra
798 1513 868 1580 hos
899 1536 988 1580 vero
1011 1515 1160 1582 limitas

105 1620 247 1685 nullus
268 1618 383 1682 datur
404 1621 540 1694 tonus,
567 1635 682 1704 quem
706 1617 842 1686 auditu
865 1617 1055 1703 percipias
1074 1620 1129 1705 f).

192 1723 358 1827 Constat
382 1767 512 1827 autem
537 1737 833 1844 observatione,
848 1765 986 1825 tonum
1001 1766 1161 1828 octavae

105 1870 365 1950 gravissimae
385 1866 433 1932 ad
454 1867 615 1932 tertiam
633 1865 802 1944 eiusdem
815 1865 961 1945 literae,
982 1887 1015 1932 sr
1003 1866 1160 1931 ‘·vibre

107 1965 266 2036 tionum
286 1991 468 2034 numerus
483 1971 591 2036 intra
611 1977 762 2053 tempus
777 1968 877 2033 idem
901 1977 1100 2056 sumatur,
1120 1991 1160 2034 se

106 2073 318 2142 habereut
337 2094 366 2140 1:
387 2091 418 2140 s.
441 2074 498 2159 g).
540 2073 576 2139 Si
596 2071 718 2158 igitur
737 2071 1002 2138 vibrationum
1024 2093 1162 2138 nume-

108 2199 176 2246 rus
199 2197 270 2268 pro
287 2181 517 2264 gravissimo
539 2179 678 2244 Cesset
704 2195 775 2260 30,
806 2181 887 2241 tum
905 2175 1163 2260 procforetee

115 2286 181 2365 60,
204 2303 275 2368 pro
297 2283 325 2349 θ’
351 2307 387 2348 =
408 2267 490 2363 rso,
518 2300 587 2364 pro
606 2279 648 2346 c”
668 2307 705 2350 ε
725 2293 803 2356 sio.
825 2280 861 2343 Si
882 2299 972 2364 ergo
992 2280 1161 2358 chordae

107 2387 211 2453 duae
244 2386 413 2467 eiusdem
435 2382 625 2450 crassitiei
654 2389 692 2448 et
715 2377 974 2468 longitudinis
999 2385 1053 2448 sic
1076 2392 1186 2466 ten-¹

107 2487 274 2572 dantur,
307 2498 350 2556 ut
370 2488 542 2582 pondera
564 2475 780 2571 adpensese
801 2487 974 2554 habeant
993 2493 1036 2553 ut
1059 2512 1094 2551 r:
1124 2509 1159 2571 s,

107 2600 195 2663 tum
218 2613 337 2664 unam
357 2602 533 2661 octavam
548 2591 666 2659 simul
686 2593 927 2661 constituent
946 2595 1029 2659 toni
1048 2594 1159 2661 editi.

106 2699 214 2770 Idem
238 2701 389 2767 obtinet
409 2699 451 2765 in
471 2700 623 2766 chordis
644 2701 818 2789 aequetis
832 2699 1021 2765 crassitiei
1047 2709 1160 2768 etse..

108 2806 425 2890 qualitertensis,
446 2805 480 2869 si
497 2791 576 2871 una
595 2810 719 2872 altera
731 2803 850 2872 fuerit
862 2806 979 2889 duplo
992 2807 1158 2892 longior,

104 2916 238 2998 estque
255 2908 388 2974 eadem
414 2907 539 2987 ratio,
561 2910 698 2977 ceteris
718 2909 899 2994 paribus,
925 2909 967 2974 in
988 2909 1155 2995 chordis,

107 3031 275 3096 quarum
301 3033 381 3079 una
398 3013 516 3098 duplo
540 3020 596 3081 est
615 3013 776 3080 crassior
797 3014 851 3087 h).
893 3014 1035 3082 Dicunt
1054 3013 1156 3080 inter

107 3113 202 3186 duas
224 3124 381 3184 octavas
400 3137 531 3184 aurern
550 3119 735 3184 subtilem
764 3123 802 3182 et
823 3118 978 3182 doctam
991 3130 1034 3200 43
1043 3128 1157 3186 tonos

108 3240 175 3288 seu
206 3203 493 3306 heptamerides'
525 3213 783 3304 distinguere,
817 3218 913 3312 ecieo
935 3225 1047 3288 tonos
1072 3223 1160 3291 dari

107 3334 193 3411 387,
219 3330 286 3417 qui
306 3323 493 3415 distingui
511 3325 662 3409 possint
679 3325 736 3412 i)..
774 3322 1160 3395 Discernuntmusici

108 3429 224 3496 tonos
236 3417 359 3514 aiios,
381 3423 598 3514 primitivis
609 3427 690 3492 illis
702 3427 805 3491 tonis
816 3423 1069 3494 intermedios
1082 3433 1159 3511 (sea
1253 3439 1257 3446 '

106 3530 324 3621 mitono's),
346 3532 557 3624 transitum
577 3537 704 3596 etono
723 3531 854 3613 priore
878 3528 1160 3616 insequentem

107 3632 309 3700 facientes.
353 3636 614 3703 constituitur
637 3635 769 3720 itaque
792 3639 930 3700 octava
952 3652 1030 3698 una
1050 3635 1156 3721 tonis

107 3752 148 3817 13
169 3742 225 3814 (c,
247 3740 310 3814 cis,
329 3739 365 3817 d,
392 3741 460 3819 dis,
477 3762 508 3821 a,
522 3739 638 3828 Μία,
657 3760 693 3825 5,
712 3745 783 3822 gis,
804 3759 839 3815 a,
856 3738 892 3812 b,
914 3741 979 3812 oie,
1001 3735 1028 3800 c’
1050 3737 1083 3825 ).
1199 3813 1202 3820 Ι

204 3890 279 3960 Ubi
300 3891 397 3963 dicti
425 3897 623 3983 primitivi
648 3900 736 3965 toni
758 3899 864 3963 inter
891 3909 957 3978 se,
984 3895 1046 3961 vel
1068 3915 1157 3966 oum

105 3977 352 4068 intermediis
375 4002 608 4087 iunguntur,
629 4003 821 4088 simulque
834 4021 967 4067 aurem
981 3990 1157 4068 nostram
1175 4044 1182 4074 2

106 4108 347 4189 percellunt,
381 4109 444 4175 vel
464 4114 618 4192 gratem
641 4106 777 4183 nobis,
799 4107 859 4172 vel
880 4108 1075 4206 ingratam
1087 4121 1158 4189 po-

107 4219 207 4283 nunt
224 4216 502 4297 sensatronem,
527 4211 832 4282 harmonice
852 4216 1157 4301 consonant,
1183 4211 1188 4220 '
