2946 5000
247 349 357 424 secr.
380 355 445 421 ΙΙΙ.
469 325 527 422 Εἰ
551 367 660 422 vrso.
680 353 709 420 1.
729 365 893 440 osseus
916 367 1045 423 vrscs.
1141 371 1203 457 aa,

160 499 492 570 inflammationes
517 485 648 569 autem
661 506 699 568 et
711 502 812 571 aliae
825 500 908 582 siue
926 500 1086 570 tunicae
1104 517 1206 564 mor·

159 603 533 678 boeaeadie'ction‘es
554 605 789 686 ostendunt,
818 626 909 674 earn
930 606 1104 690 tunicam
1127 599 1206 668 suis
1274 590 1276 596 ’

158 729 239 784 non
262 710 423 786 destitui
442 713 611 781 vasculis
631 711 889 798 semiferis,
920 727 1207 799 quaenonnun·

161 818 278 902 quam
300 817 502 902 insigniter
526 817 742 890 dilatentur
760 819 839 904 de)
950 888 990 902 Ν
1065 843 1069 852 ·
1142 845 1146 856 ·

245 949 432 1025 Vesorum
453 959 785 1047 lymphaticorum
804 958 1065 1046 praesentiam
1082 923 1208 1020 mate·

161 1060 244 1126 riae
262 1065 521 1147 purulentae,
550 1063 659 1131 iutra
688 1067 857 1172 laminas
884 1062 1132 1128 membranae
1153 1052 1209 1125 ei·

139 1247 142 1256 Ἰ
159 1164 492 1250 fusaereserptio,
513 1171 553 1232 et
574 1157 847 1252 reproduct‘io'
833 1165 1021 1251 rneignis,
1048 1179 1144 1251 quae
1166 1163 1211 1229 iu

164 1269 302 1333 cornea
323 1269 451 1354 viget,
474 1258 626 1335 abun‘de
650 1271 830 1356 probant.
874 1257 985 1334 llervi
1004 1267 1046 1334 in
1074 1279 1240 1333 cornea*

164 1367 292 1454 detegi
316 1371 502 1436 hactenus
531 1391 610 1439 nou
641 1379 851 1470 poterent,
887 1393 956 1439 nec
979 1371 1113 1437 ullue'
1101 1389 1145 1435 ιιι
1167 1389 1212 1434 ea

164 1473 285 1558 viget
290 1461 444 1551 sensus,
470 1479 517 1540 ut
535 1477 630 1542 adeo
646 1478 729 1543 sine
738 1463 881 1570 dolore
895 1477 998 1544 laedi
1009 1477 1133 1562 possit
1153 1478 1212 1561 e).
1301 1551 1304 1558 ‚

51 1615 57 1620 ·
163 1579 477 1644 Contractilitate
501 1585 699 1662 texturae,
719 1595 807 1648 ¹non'
823 1601 914 1648 vero
936 1580 1213 1648 irritabilitate

163 1681 371 1745 manifesta
390 1702 436 1745 ea
453 1683 596 1768 gaudet
614 1685 765 1754 tunica.
809 1683 1060 1751 convexitate
1082 1703 1212 1749 corne·

167 1771 232 1849 am
255 1785 411 1868 augeri,
433 1785 502 1850 ubi
517 1785 665 1866 objecta
686 1788 1213 1873 oculoproximaintuemur,

168 1907 333 1974 eamque
347 1889 563 1972 pleniorem
583 1891 693 1958 reddi
710 1895 743 1958 ii
756 1914 819 1960 ree
835 1893 922 1959 visu
939 1891 1214 1959 discernendae

166 1991 290 2080 magis
314 1991 489 2090 dictent,¹
517 1994 640 2060 lloms
665 1997 746 2062 suis
776 1995 946 2060 ostendit
975 1993 1243 2079 experimen-s

94 2133 105 2190 A·
169 2095 221 2176 tis
240 2092 296 2180 f).
339 2097 493 2163 -ldvero
517 2099 771 2166 convexitatis
793 2091 1044 2188 augmentum
1065 2118 1218 2164 muscu-

172 2195 220 2262 lis
233 2205 396 2281 quatuor
408 2199 543 2278 rectis,
565 2203 710 2285 majore
732 2202 774 2267 vi
799 2209 838 2268 et
858 2201 979 2269 simul
999 2201 1227 2286 agentibus,⁴

167 2303 409 2386 probabilius
425 2303 534 2370 effici
546 2349 558 2384 ,
575 2307 691 2390 paulo
704 2313 797 2371 ante
809 2307 1118 2373 memoravimus·
1131 2305 1220 2373 Pre-

168 2411 329 2470 muntur
351 2407 457 2471 enim
480 2409 608 2473 latera
626 2413 665 2472 et
689 2397 880 2490 ¹posterior
899 2408 1010 2476 bulbi
1022 2423 1116 2492 'pare
1136 2426 1219 2472 mu·

86 2594 89 2602 ¹
167 2506 577 2586 sculieiiecontractie,
598 2529 673 2596 quo
686 2507 827 2576 humor
839 2530 981 2596 aqueus
990 2517 1216 2577 antrorsum

172 2611 429 2694 propellitur,
453 2619 492 2678 et
514 2631 673 2678 corneae
697 2612 920 2678 convexitas
941 2620 1116 2700 augetur.
1143 2615 1219 2680 Re·

171 2713 312 2778 laxatis
325 2721 456 2781 autem
478 2712 683 2790 musculis,
697 2713 843 2778 humer
859 2734 1003 2802 aqueus
1017 2699 1163 2783 recedit
1176 2722 1216 2782 et

173 2817 425 2885 reditcornea
444 2817 769 2906 clastica'suavi,
790 2831 887 2902 quae
909 2819 953 2883 in
971 2818 1223 2904 mediaparte·

173 2920 345 2986 maxima
362 2926 417 2984 est
428 2965 439 3002 ,
458 2919 506 2986 ad
524 2919 694 3006 priorem
713 2926 873 3005 etatum:
892 2919 1022 2994 Potest
1043 2941 1158 2999 vero,
1179 2929 1249 2988 ut,

176 3023 309 3088 eadem
329 3008 529 3104 Homeana
546 3021 755 3088 ostendunt
777 3019 972 3105 pericula,
1002 3020 1083 3087 sub·
1096 3023 1222 3086 maxi·

177 3150 245 3196 ma
273 3131 536 3197 musculorum
566 3117 786 3194 intentione
816 3147 975 3194 corneae
1007 3130 1232 3194 convexitas

184 3234 254 3324 rsu
277 3238 386 3316 parte
407 3230 469 3298 sui
491 3230 676 3298 diametri
697 3230 841 3338 augeri.
885 3229 941 3294 Ob
964 3231 1244 3302 musculorum

179 3333 440 3402 intentionem
459 3333 702 3400 lassitudinis
726 3310 971 3399 sansucium
983 3332 1130 3410 oritur,
1159 3329 1228 3396 ubi
1279 3372 1311 3416 ,¹

181 3411 1228 3530 obiectacominuslongioretemporecontemplamur.
1287 3483 1292 3495 =

268 3587 374 3654 Cutis
395 3584 704 3692 productionem
724 3557 1031 3651 subtilissimam
1051 3605 1074 3649 a
1092 3589 1229 3687 palpe-

66 3715 68 3730 ·
178 3685 478 3772 brisproduci,
491 3699 760 3774 queemnnem
778 3689 892 3754 bulbi
915 3681 1145 3756 anteriorem
1170 3690 1229 3756 ie

183 3794 282 3859 ciem
301 3792 369 3856 sub
393 3790 659 3858 adnataes.
684 3779 1049 3874 coniunctivae
1068 3791 1244 3870 nomine

157 3889 348 3970 vestiat,
380 3895 553 3992 superius
576 3892 598 3976 (
608 3899 639 3973 '§.
656 3901 730 3977 491.
726 3893 765 3980 )
794 3895 983 3985 diximus,
1006 3897 1044 3959 et
1060 3891 1234 3962 vicimus
1269 3935 1272 3944 ι

101 4023 107 4034 ·
181 4003 294 4087 (vol.
314 4003 359 4066 ll.
384 4021 420 4084 p.
440 3981 499 4082 '69.
510 4003 633 4084 >eam
656 4001 966 4068 membranulam
974 3999 1230 4090 m'ucosaein-

180 4103 281 4170 dolis
305 4123 398 4170 esse.
430 4103 616 4170 Cohaeret
633 4087 778 4170 adnata
798 4121 884 4168 cum
896 4101 1097 4185 descriptis
1110 4097 1232 4166 mem·

184 4209 412 4298 brenisnpe
430 4207 533 4284 telae
546 4204 754 4276 celluloeaa
766 4205 1072 4294 subtilissimae,
1091 4208 1134 4270 et
1152 4193 1244 4292 qula

715 4369 946 4476 ,ἰ
