2904 5002
185 438 189 444 Ι
277 353 346 428 404
548 314 796 452 minucia.
814 335 875 404 lv.
898 338 957 404 Du
979 347 1124 410 serra*

278 467 1321 577 absolvitur,canalibuesemicircul'aribun

276 591 546 656 vestibulo
569 593 608 651 et
629 587 839 652 cochlea
859 595 1075 668 constante,
1098 595 1325 658 membrana

275 696 472 760 vasculosa
484 734 495 768 ,
527 693 569 787 in
589 712 666 778 qua
687 693 875 756 acusticus
902 715 1039 763 nervus
1069 689 1320 782 deliqueceit,

276 802 384 865 intus
405 799 596 878 obducto,
612 797 907 861 sensibilitatem
920 817 1069 864 meram
1088 807 1127 866 et
1141 801 1226 866 eoni
1237 823 1323 885 per-

277 905 498 987 ceptionem
519 900 808 966 manifestante.
853 905 1072 968 Memoratu
1102 913 1234 971 autem
1265 908 1323 972 di·

275 1028 396 1096 gnum
416 1014 499 1084 est,
522 1011 704 1071 naturam
716 1007 841 1089 primo
860 1011 1253 1078 summenecessarias
1267 1011 1324 1077 l'a-

237 1179 242 1198 ·
275 1111 459 1199 byrinthi
480 1119 608 1196 partes
638 1114 829 1195 formare,
859 1121 946 1198 post
966 1120 1151 1200 tympani
1177 1101 1323 1183 cavita-

274 1219 356 1280 te'm
379 1236 465 1280 cum
487 1214 686 1294 ossiculis,
709 1225 905 1300 postremo
928 1207 1243 1313 ‹leniqueaurem
1261 1243 1325 1288 ex·

273 1321 430 1390 ternam
454 1341 543 1418 cum
566 1329 697 1385 meatu
719 1321 927 1392 auditorio.

360 1450 510 1534 Airrie
533 1471 747 1545 aeterua
769 1487 799 1531 s.
817 1469 1057 1533 auricula
1076 1483 1164 1532 cum
1186 1472 1320 1534 meatu

168 1577 170 1586 '
273 1563 469 1637 auditorio
488 1571 607 1634 tubae
628 1569 822 1650 acusticae
843 1573 967 1660 instar
987 1570 1206 1636 fabrefacta
1225 1573 1319 1636 hac·

191 1757 196 1765 ¹
274 1681 393 1738 tenus
406 1680 485 1748 eet,
508 1678 552 1735 ut
563 1689 673 1736 sonos
686 1673 1005 1757 quamplurimos
1018 1673 1201 1757 excipiat,
1214 1678 1321 1760 tym-

273 1795 420 1862 panum
449 1795 579 1840 versus
609 1782 827 1841 concentret
844 1796 901 1840 ac
925 1759 1142 1855 conducat,
1175 1795 1321 1867 suaque

277 1881 438 1947 elaetica
468 1880 511 1944 vi
535 1878 708 1946 sonitum
732 1873 861 1966 ipsum
894 1885 1046 1966 augeat.
1089 1879 1179 1946 Inde
1200 1882 1323 1965 igitur

276 1990 357 2058 est,
382 1973 483 2067 quod
502 1982 688 2047 auriculis
713 1981 1138 2068 nimiumadplanatis,
1161 1987 1230 2046 aut
1255 1981 1322 2045 ab·

274 2089 368 2152 latis
390 2083 567 2170 penitus,
590 2084 746 2150 auditus
766 2084 950 2152 hebescat
971 2086 1027 2174 ¹)
1066 2086 1199 2150 Refert
1215 2085 1322 2149 auri·

273 2191 362 2254 cula
381 2183 548 2252 conchae
576 2173 819 2272 figuram,
806 2209 849 2252 ιιι
872 2189 958 2253 viro
979 2189 1250 2267 rotundatam,
1285 2191 1323 2250 et

213 2297 219 2308 '
273 2294 397 2392 magis
417 2292 661 2376 oblongam·
649 2311 693 2354 m
713 2289 862 2354 femina
884 2295 960 2374 ”),
992 2291 1232 2356 anfractibus
1255 2311 1323 2353 va·

273 2398 345 2464 riis
363 2399 553 2482 insignem
563 2402 600 2458 et
619 2392 871 2460 constituitur
886 2394 1114 2479 cartilagine
1125 2393 1272 2458 fibroea
1284 2399 1321 2459 et

273 2507 434 2571 elaetica
454 2509 521 2590 a),
547 2523 643 2589 quae
663 2507 748 2565 oute
770 2501 866 2566 satis
880 2509 1015 2590 tenera
1027 2508 1066 2566 et
1076 2503 1225 2586 stricta,
1247 2521 1320 2584 ope

271 2609 462 2672 celulosae
484 2607 664 2681 tunicae,
686 2603 850 2669 inferius
873 2610 1023 2669 tantum
1044 2602 1322 2688 pinguedinem

272 2712 517 2786 continente,
551 2711 742 2788 connexa,
766 2704 943 2772 vestitur.
986 2707 1170 2772 Continet
1189 2712 1319 2770 textus

269 2818 304 2880 is
327 2813 530 2879 cellulosue
552 2811 749 2876 folliculos
779 2813 953 2876 sebaceos
972 2811 1166 2894 copiosos,
1202 2831 1223 2874 ιι
1245 2813 1324 2878 Dra

268 2933 428 2986 venunt
440 2918 609 3002 primum
622 2914 853 2998 descriptos,
878 2915 919 2981 in
931 2936 1100 2981 convexa
1114 2915 1219 2980 auris
1229 2935 1319 2999 per·

269 3029 309 3087 te
339 3025 508 3086 oleosum
537 3017 764 3098 materiem,
799 3021 842 3085 in
868 3027 1036 3085 concava
1065 3040 1179 3098 vero,
1206 3021 1319 3084 'intra

268 3127 477 3193 valleculas
494 3127 702 3210 praecipue
722 3165 733 3201 ,
757 3125 892 3210 sebum
912 3125 1227 3207 secernentesb).
1249 3123 1317 3186 La·

269 3251 336 3297 xes
357 3235 487 3294 autem
512 3235 550 3291 et
571 3249 593 3291 a
614 3229 740 3312 capite
753 3235 919 3293 remotae
932 3249 1044 3300 aures
1061 3233 1203 3292 natura
1215 3233 1316 3290 etru-

267 3332 350 3404 xit,
373 3331 481 3395 utin
502 3318 661 3414 rudibus
680 3333 862 3416 populis,
884 3331 1115 3413 Aethiopiae
1137 3337 1176 3394 et
1189 3346 1315 3394 novae

266 3431 496 3501 Hollandiae
516 3432 687 3509 incolis,
709 3434 900 3512 cernitur3
932 3433 973 3498 in
1004 3432 1230 3497 cultioribus
1251 3453 1316 3496 ve·

266 3563 310 3607 ro
333 3535 539 3621 Europaeis
552 3577 562 3610 ,
585 3537 633 3601 ob
646 3538 857 3602 fasciarum
870 3542 908 3600 et
923 3538 1113 3602 vittarum
1128 3537 1169 3600 in
1184 3535 1314 3600 infan-

266 3647 325 3709 tia
342 3661 478 3717 usum,
503 3641 678 3705 auricula
692 3643 812 3725 capiti
830 3642 953 3726 magis
966 3639 1223 3723 adprimitur,
1247 3657 1312 3720 ga-

268 3753 428 3832 leaeque
448 3744 747 3828 aponevroticae
769 3753 806 3809 et
829 3746 1000 3831 musculo
1022 3741 1230 3826 temporali
1256 3761 1313 3804 ar·

266 3855 364 3916 ctius
387 3849 533 3933 figitur.
577 3850 731 3956 Populis
755 3849 992 3915 Americanie
1021 3855 1060 3913 et
1080 3847 1170 3912 aliis
1189 3839 1310 3930 majo-'-

216 3997 218 4004 v
264 3983 328 4028 res
350 3966 440 4060 eunt
464 3981 575 4026 auree
597 3980 712 4044 quam
725 3961 931 4046 Europaeis
956 3962 1013 4048 e).

345 4108 530 4172 Cohaeret
556 4105 732 4172 auricula
756 4112 868 4189 parte
903 4105 1031 4184 media
1064 4121 1149 4166 cum
1180 4099 1308 4162 meatu

245 4207 479 4286 auditorio,
503 4210 544 4274 in
567 4227 680 4298 quem
700 4212 973 4288 continuatur,
1005 4203 1231 4273 etn‘ectitur
1250 4217 1311 4263 ca·

1235 4373 1243 4406 t
