2898 4996
991 265 1014 336 ΙΝ

199 401 202 406 ·
285 387 363 442 210·
385 372 474 460 Lm.
492 343 538 438 il.
557 373 650 439 cer.
670 369 733 435 111.
751 369 1009 464 Desusren..
1026 352 1292 462 nunu-sunm.

180 533 182 540 ’
284 519 367 582 nim
378 529 496 581 nervo
510 516 685 579 emollito
699 558 710 592 ,
731 513 913 580 indurato
927 515 1056 578 aliave
1067 514 1214 579 ratione
1225 533 1331 579 mor·

283 623 374 685 bose
404 619 595 694 alienato,
616 627 829 702 compresso
850 620 1084 684 autvinculo
1107 619 1333 696 constricto,

284 724 505 814 functionqs
528 719 606 802 ejus
620 710 879 802 depravantur
894 726 961 794 aut
971 722 1127 804 penitus
1141 723 1330 802 cohiben-

284 831 361 890 tur.
407 823 564 886 Stimuli
587 820 675 885 dein
695 822 949 899 mechanici,
980 823 1014 886 si
1036 821 1161 887 nimia
1181 825 1334 906 egerint

205 991 210 1000 ,
282 927 348 1001 vi,
379 919 581 1024 ipsamqrqo
604 922 955 987 consistentiam'et
973 923 1332 990 formam'substan-

201 1069 205 1081 ι
283 1027 363 1094 tiae
382 1045 540 1090 nerveae
553 1026 745 1090 violenter
762 1027 1020 1101 mutaverint,
1043 1026 1192 1092 dolores
1205 1027 1332 1092 susci·

284 1137 373 1198 tant
384 1177 396 1210 ‚
431 1136 468 1196 et
488 1129 618 1194 delent
637 1150 715 1194 non
735 1150 821 1194 raro
844 1149 913 1212 per
932 1136 1083 1213 tempus
1095 1131 1156 1196 vel
1168 1132 1216 1216 ,in
1232 1137 1330 1216 'per-

148 1280 171 1322 ¹.
278 1242 439 1322 petuam
463 1251 617 1298 omnem
634 1235 745 1298 nervi
763 1232 1014 1300 vitalitatem.

365 1380 401 1464 α)
431 1378 656 1443 Mistionem
687 1382 853 1456 certam,
887 1375 1024 1462 cuique
1048 1375 1252 1462 systemati
1290 1385 1328 1442 et

282 1481 433 1573 singulo
454 1500 597 1568 organo
613 1469 908 1562 respondentem
925 1499 993 1562 pro
1018 1499 1058 1542 eo
1080 1477 1250 1563 requiri,
1280 1487 1327 1544 ut

284 1587 446 1669 cujusvis
468 1585 591 1667 pertis
611 1586 863 1648 ‘conservetur
883 1581 1059 1644 vitalitas
1082 1581 1143 1660 (§.
1156 1581 1210 1664 56.
1221 1575 1329 1662 ),di·

281 1691 430 1768 ximus,
451 1691 488 1748 et
500 1683 762 1760 ostendimus,
781 1675 934 1748 omnem
953 1683 1114 1747 vitalem
1128 1681 1330 1752 ‚actionem

285 1810 372 1858 cum
392 1775 697 1872 metamorphosi
718 1788 860 1865 vitali,
884 1787 1052 1872 adeoque
1067 1806 1151 1852 cum
1174 1788 1328 1868 formes

283 1904 323 1963 et
336 1889 540 1961 mistionis
551 1893 753 1978 organicae
770 1889 957 1958 materiae
967 1892 1253 1977 permutatione
1268 1912 1326 1956 es·

280 2029 319 2072 se
339 2004 583 2089 conjunctam
607 1999 809 2084 (§.3t9·).
850 1987 892 2069 Id
911 2007 1000 2064 vero
1024 2001 1151 2082 ipsum
1172 2000 1213 2062 in
1235 2019 1325 2063 ner·
1436 2025 1437 2038 ι

280 2111 341 2174 vis
366 2127 516 2194 quoque
539 2104 758 2190 contingere
771 2124 883 2167 nemo
898 2101 1121 2181 dubitabit,
1140 2101 1172 2166 si
1190 2099 1239 2168 ad
1252 2103 1326 2168 sti·

198 2284 200 2288 ·
278 2215 472 2278 mulorum
493 2203 670 2272 effectum
693 2213 730 2271 et
750 2205 924 2290 regulas,
982 2205 1092 2270 uibus
1111 2207 1245 2272 vitalis
1264 2228 1327 2270 re·

279 2314 445 2379 actionis
467 2312 645 2394 potentia
667 2309 890 2395 subjicitur,
917 2226 1110 2376 rebeseeit
1140 2312 1158 2394 (
1171 2319 1201 2388 §-
1216 2329 1255 2392 71
1278 2344 1327 2362 ·-

277 2419 378 2504 74).
407 2417 541 2508 :Docet
561 2420 692 2478 autem
724 2412 937 2479 chemicam
968 2435 1175 2480 nervorum
1197 2415 1321 2480 actio-

274 2541 363 2588 nem
375 2519 743 2582 medicamentorum
754 2523 792 2580 ot
803 2537 1035 2582 venenorum
1047 2519 1119 2595 vis,
1130 2524 1323 2604 quaeten-

277 2633 317 2689 to
344 2622 467 2708 major
486 2627 567 2696 est,
590 2620 932 2719 tantoquediutiuq
946 2620 1322 2705 durantesponitef-

274 2728 421 2804 fectus,
452 2719 733 2811 quantomagis
748 2724 947 2788 extensive
958 2731 1167 2790 nervorum
1179 2731 1320 2808 poten·

250 2817 333 2906 ,tia
354 2834 467 2892 aucta
492 2835 529 2891 et
559 2829 619 2890 vis
650 2827 849 2891 intensiva
874 2825 1054 2908 depressa
1082 2829 1212 2894 fuerit.
1257 2829 1321 2892 lta

273 2950 334 2998 res
359 2929 478 2995 habet
500 2928 779 2992 ininfantibus
793 2934 831 2991 et
847 2928 947 3012 apud
958 2929 1162 2995 individua
1173 2977 1185 3010 ,
1213 2930 1320 2995 exal-

241 3043 248 3063 *
274 3037 361 3098 tata
378 3007 639 3097 sensibilitate
667 3029 865 3132 praedita,
896 3033 972 3100 ubi
988 3021 1318 3117 metamorphosis

225 3214 227 3226 Ι
274 3134 408 3205 vitalis
428 3133 533 3197 houd
554 3133 658 3196 tanti
677 3139 734 3198 est
746 3151 914 3226 vlgorrs
932 3141 975 3197 ut
988 3136 1176 3200 chamicos
1199 3135 1319 3202 influ-

271 3257 341 3301 xus
345 3226 486 3300 debite
500 3236 687 3311 coercere,
690 3217 936 3303 etinductas
949 3257 1111 3302 nervoso
1123 3244 1312 3325 systema·

271 3338 305 3403 ti
318 3337 551 3401 mutationes
564 3334 735 3417 sufferre,
760 3359 802 3402 ac
814 3337 1021 3421 pristinam
1034 3343 1222 3412 materiae
1235 3341 1314 3405 mi·

118 3528 121 3538 Ι
213 3480 218 3490 x
273 3439 1314 3526 stionemintradebitumtempusrestitueresuffieiat.

271 3563 273 3572 ’
355 3582 392 3666 3)
422 3582 640 3666 Dynamica
670 3581 834 3672 denique
863 3575 1067 3654 nervorum
1097 3561 1224 3668 actio‘,
1270 3595 1313 3655 et

261 3687 427 3775 quidem
449 3686 588 3751 ceteris
605 3687 728 3752 multo
751 3691 950 3774 superior,
972 3713 991 3756 e
1010 3687 1313 3760 summasensa-

206 3813 214 3820 ·
270 3794 447 3866 tionum,
469 3797 645 3854 motuum
668 3799 706 3854 et
726 3795 1233 3880 mentaliumoperationum
1245 3781 1313 3860 ve·

165 3923 190 3942 ⁴·
269 3893 431 3958 locitete
441 3932 453 3967 ,
474 3891 1125 3977 eplurimorumincitamentorum,
1142 3899 1315 3963 functio·

221 4057 225 4069 ,
267 4015 333 4060 nes
352 3994 554 4060 sensiferse
567 3996 846 4078 ¹suscitant'ium
871 3998 1027 4077 indole,
1058 4021 1153 4087 eque
1166 4000 1310 4066 Gelva·

266 4097 377 4164 nicae
394 4093 629 4160 efficientiae
648 4093 810 4176 effectu,
840 4103 907 4185 qui
926 4103 1099 4184 polorum
1111 4097 1311 4184 permuta-

267 4200 377 4264 tione
397 4215 550 4286 prorsus
569 4205 743 4269 mutatur
762 4205 870 4286 (vol.
885 4207 930 4271 11.
947 4223 986 4290 p.
1005 4219 1084 4290 305.
1096 4221 1172 4288 31²·
1191 4206 1229 4288 J,
1250 4214 1311 4270 sa·¹

269 4302 324 4368 tis'
350 4302 486 4368 elucet·
1322 4325 1328 4334 ·
