2920 4998
536 409 609 476 Dr
636 407 791 475 sorano.
1023 464 1026 476 ·
1136 377 1224 502 845ι
1304 455 1307 463 ·

121 550 220 626 'iem
238 547 396 633 dissito,
416 567 484 616 neo
503 565 679 636 unquem
700 550 787 615 vise
799 594 809 630 ,
831 549 873 614 in
897 551 1056 618 somniis
1084 549 1199 622 n'obis

139 663 368 737 occurrunt,
391 659 430 719 et
460 653 676 737 iunguntur
718 653 910 738 invicem,
935 674 1022 740 cum
1056 657 1196 745 imagi·

137 765 249 832 natio
273 749 505 848 productiva
524 762 563 822 et
583 754 818 838 phantasia,
843 763 889 821 ut
910 757 1134 824 adcidentes
1158 764 1199 824 et

139 883 346 952 corporeae
376 862 511 927 ferunt
549 877 685 924 caussa
700 901 713 938 ,
736 875 958 942 operentur.
994 861 1090 930 Cum
1109 881 1196 928 sen·

123 990 251 1046 ,suum
275 971 525 1032 externorum
550 961 682 1027 aditus
701 961 782 1028 sint
803 962 926 1028 clausi
938 1007 951 1041 ,
974 965 1039 1029 vel
1057 963 1199 1030 saltem

59 1064 67 1154 ‘,
142 1077 242 1142 desit
271 1067 574 1156 comparationis
609 1065 695 1144 vis,
718 1085 795 1152 qua
826 1069 1042 1151 obiectivee
1063 1091 1197 1162 perce-

136 1181 292 1266 ptiones
315 1196 402 1241 oum
426 1171 651 1251 subiectivis
668 1171 1197 1254 conferentur‚somniorum

121 1283 411 1368 ,perceptiones
436 1274 689 1341 turbulentae
718 1283 831 1356 sunt,
854 1283 898 1340 ot
924 1277 1020 1344 adeo
1045 1278 1206 1342 animus

139 1386 412 1470 'voluptatibus
437 1387 476 1446 et
497 1377 695 1462 doloribus
717 1379 841 1462 magis
859 1369 1032 1464 agitetur
1044 1424 1056 1460 ,
1078 1400 1198 1466 quam

139 1489 185 1556 in
205 1486 324 1570 vigili
353 1490 482 1560 statu,
506 1488 618 1584 tanto
647 1481 804 1567 quidem
829 1480 975 1566 megia,
997 1503 1083 1548 cum
1110 1485 1200 1547 nul·

71 1663 74 1670 ,
140 1595 225 1672 lum
248 1593 300 1658 sit
320 1588 443 1656 enimi
473 1586 683 1672 imperium
698 1632 708 1662 ,
723 1575 837 1674 'quoti
863 1588 1036 1654 adfectus
1064 1585 1199 1652 mode·

139 1702 261 1764 retur.
294 1690 377 1758 Etsi
405 1689 528 1774 igitur
554 1688 797 1754 somniantes
828 1709 941 1773 saepe
961 1689 1134 1754 sentiant
1158 1711 1198 1756 se

137 1798 357 1872 somniare,
372 1792 543 1859 adfectus
565 1796 700 1858 tamen
719 1792 898 1858 suscitati
921 1792 1099 1878 mitigari
1117 1813 1198 1862 non
1219 1835 1224 1858 i

81 1921 83 1928 ·
140 1907 324 1991 possunt,
345 1895 561 1966 voluntatis
589 1900 783 1980 potestate
806 1893 939 1964 animo
963 1895 1073 1962 haud
1106 1895 1210 1964 obe·'

144 2004 289 2072 diente.

222 2187 317 2253 Cum
350 2177 562 2270 phantasia
598 2178 801 2259 liberrime
833 2183 1028 2263 operetur,
1053 2183 1194 2254 nullis.
1306 2249 1311 2259 ,

136 2314 212 2385 que
233 2291 384 2372 legibus
413 2286 466 2350 sit
499 2283 701 2357 restricta,
725 2282 857 2346 mirae
874 2301 988 2366 saepe
1015 2286 1197 2392 producit
1251 2317 1253 2322 ·

64 2387 65 2394 ἵ
132 2390 402 2486 perceptiones
434 2392 473 2448 et
505 2384 725 2468 imaginum
760 2383 1002 2449 diversorum
1033 2389 1196 2474 conjun.

132 2496 307 2579 stiones,
330 2495 369 2554 et
399 2486 595 2572 contingit
626 2505 706 2552 non
733 2506 850 2563 raro,
875 2483 921 2550 u't
951 2475 1213 2560 somniantes
1301 2477 1315 2511 ⁴
1402 2541 1413 2562 ,

134 2596 340 2690 argutius
350 2593 599 2677 loquantur,
631 2605 749 2674 quam
786 2589 932 2674 vigiles
961 2595 1195 2675 potuissent.

129 2705 242 2773 Intra
283 2718 323 2764 se
367 2695 470 2778 ipsos
516 2690 756 2778 cognitiones
808 2691 1057 2778 producunt,
1098 2718 1194 2785 qua·

129 2825 221 2876 rum
255 2821 363 2869 secus
394 2798 529 2884 ignari
556 2797 637 2861 fere
665 2802 778 2862 sunt.
802 2803 945 2880 putant
979 2800 1154 2900 hugues
1149 2825 1193 2871 ss
1281 2857 1283 2862 ,

5 2900 32 2960 ,’
130 2913 243 3000 loqui
264 2905 514 2994 peregrinae,
532 2902 812 2974 instrumentis
832 2883 992 2970 musicis
1011 2907 1189 2990 pulsare,

128 3013 196 3081 vel
225 3008 305 3077 alio
337 3001 514 3092 expedire
546 2999 772 3083 artificia,
759 3021 802 3066 1n
830 3006 936 3067 statu
964 2997 1079 3088 vigili
1110 3005 1190 3076 sibi
1300 2995 1306 3010 ’

128 3111 212 3185 ser'e
247 3109 410 3196 ignotas
441 3109 681 3188 componunt
720 3104 939 3177 orationes
958 3109 1191 3178 venustissi
1232 3114 1236 3126 '

124 3239 211 3288 mas
223 3260 234 3294 ,
256 3216 414 3300 fingunt
434 3229 591 3288 versus,
615 3207 818 3276 resolvunt
840 3211 1087 3310 quaestiones
1110 3213 1186 3280 dis·

128 3321 331 3389 ficillimas
361 3320 435 3383 etc.
462 3313 600 3399 Jungit
631 3311 804 3378 exaltata
834 3314 1046 3407 phantasia
1074 3335 1189 3404 pree

124 3427 248 3494 terite
266 3427 305 3490 et
328 3417 576 3508 praesentia,
597 3421 643 3482 ut
663 3414 756 3483 odeo
784 3416 919 3484 future
942 3419 1064 3485 etiam
1092 3427 1185 3487 ten·

126 3549 249 3618 quem
279 3525 502 3610 praesentia
537 3525 699 3588 cernant
719 3564 731 3599 ,
754 3527 792 3587 et
822 3517 1037 3590 vaticinare
1069 3525 1182 3608 posse

125 3633 345 3701 credentur.
375 3627 667 3708 Somniantium
700 3628 834 3692 tarne'n
863 3625 1054 3710 vaticinia
1073 3629 1181 3698 hand

124 3741 208 3825 eins
233 3740 324 3800 sunt
350 3734 498 3800 valoris
511 3744 531 3814 ,’
547 3750 591 3796 ec
621 3729 876 3814 vigilantium
899 3728 961 3812 (ς.
981 3734 1080 3818 557.)
1093 3780 1104 3814 ,
1126 3735 1182 3800 si.

124 3841 285 3932 quidem
306 3837 415 3904 omni
434 3829 700 3902 destituantur
723 3835 888 3901 rationis
910 3853 991 3902 usu.
1024 3840 1179 3907 Somni·

124 3963 239 4012 orum
262 3937 453 4007 memorie
475 3939 595 4004 etiam
622 3935 754 4004 minor
779 3940 993 4035 estpquam
1021 3959 1178 4026 eornm,

122 4044 370 4136 quaevigiles
382 4041 639 4130 percipimus,¹
651 4057 739 4136 cum
752 4040 1023 4124 impressiones
1043 4065 1178 4113 eorum

116 4154 197 4220 sint
214 4148 345 4224 leves,
369 4151 408 4214 et
439 4143 555 4212 facile
580 4143 785 4212 deleantur
814 4162 883 4227 per
906 4148 1178 4230 succedentem
1236 4154 1240 4164 '

120 4253 364 4321 somniorum
396 4252 561 4327 seriem,
584 4267 726 4335 perque
750 4252 1089 4334 supervenientem
1113 4253 1186 4344 iss-3-
1286 4287 1289 4294 ·

138 4368 374 4444 hunnossix
394 4373 565 4462 Physiol.
585 4371 779 4460 med.Vol.
803 4374 859 4444 lv.
947 4376 1046 4454 Mos
