2920 4998
301 391 367 455 52²
471 373 559 436 Lis.
581 373 630 454 ΙΙ,
651 375 744 438 cer.
762 373 804 436 V.
824 375 884 437 De
907 388 1196 440 suessionicus

249 496 253 507 ’
299 515 449 597 judicie
477 525 613 582 nostre
634 523 673 580 et
693 515 953 580 conclusiones
984 518 1141 580 animae
1160 519 1239 582 siut
1258 537 1339 603 ope·

297 619 493 694 rationes,
516 617 707 701 corporeis
735 618 957 682 actionibus
977 622 1104 684 multo
1130 624 1338 706 superiores

298 725 351 806 (ς.
370 726 489 809 554),
511 745 557 788 ec
575 726 617 788 in
645 731 841 807 potestate
868 733 1002 791 nosne
1030 728 1108 806 sit,
1129 728 1336 795 volontatis

299 827 565 891 executionem
601 827 861 910 suspendere,
884 837 1001 916 etque
1028 833 1155 910 ratio,
1179 834 1228 898 ed
1261 853 1339 898 cer·

298 934 384 991 tom
411 926 573 1010 gradem
606 930 758 992 exculte
779 929 836 1010 (ς.
856 935 985 1018 555),
1006 932 1188 996 resistere
1212 951 1338 1014 corpo·

295 1035 375 1100 reis
404 1033 639 1115 impulsibus
669 1037 816 1117 possit,
837 1037 1091 1123 animumque
1126 1036 1337 1116 moderari,

297 1137 518 1203 adfectibus
537 1136 746 1221 agitatum.
883 1177 887 1185 ·

377 1283 443 1344 Est
461 1285 592 1350 eutem
614 1279 818 1368 quibusvis
845 1281 1031 1346 animetis
1059 1279 1272 1350 individuis
1293 1300 1334 1342 es

294 1383 467 1468 ingenita
500 1382 691 1457 facultas,
714 1386 1057 1468 qus·sensationes
1090 1393 1131 1450 et
1150 1383 1333 1470 percepti·

294 1506 386 1550 ones
422 1486 702 1569 distinguunt,
724 1493 909 1571 quatenus
951 1487 1067 1552 facile
1100 1495 1140 1552 et
1173 1487 1334 1551 liberum

291 1590 440 1652 virium
459 1588 688 1651 exercitium
712 1587 963 1672 pollicentur,
976 1594 1015 1653 et
1034 1589 1223 1666 jucundae
1241 1593 1336 1666 sunt,

291 1689 357 1754 vel
376 1711 467 1755 vero
491 1689 746 1772 injucundee,
768 1691 870 1754 vires
890 1693 1166 1774 supprimunt,
1189 1701 1333 1756 esrum·

291 1813 367 1878 que
390 1794 618 1859 exercitium
638 1795 846 1859 cohibent:
868 1790 1169 1878 voluptatis
1196 1792 1331 1880 quippe

291 1902 362 1962 eut
380 1895 572 1960 doloris
595 1897 793 1960 concitant
810 1915 979 1962 sensum.
1000 1896 1224 1976 subjective
1246 1915 1333 1958 vere

291 2020 339 2062 ea
359 2000 524 2082 sphaere
552 1999 757 2088 psychice,
779 2020 876 2084 quae
898 1997 1047 2075 efficit,
1068 2005 1116 2064 ut
1138 1996 1330 2066 individui

289 2110 416 2180 nostri
435 2115 583 2174 statum
614 2129 863 2194 agnoscamus
874 2153 887 2188 ,
909 2111 1156 2193 voluptatem
1183 2109 1332 2194 adpete-

290 2232 409 2291 mus,
434 2222 473 2278 et
501 2217 698 2302 fugiamus
731 2216 928 2293 dolorem,
957 2216 1333 2300 conservationisque

290 2318 421 2382 nisum
436 2315 491 2402 (l.
505 2317 606 2405 474.)
625 2339 853 2405 sequamur,
875 2317 1007 2390 euim
1019 2337 1073 2390 us
1095 2324 1171 2382 est.

372 2485 534 2553 Videtur
548 2487 674 2553 enimi
690 2491 865 2571 potestas
884 2506 954 2569 per
971 2483 1206 2550 cerebellum
1227 2501 1331 2576 prae·

286 2590 428 2678 primis
449 2589 630 2672 oper-eri,
652 2587 845 2676 siquidem
878 2589 952 2653 boc
983 2607 1071 2652 cum
1101 2589 1254 2663 nervis,
1275 2603 1331 2652 or·

287 2711 391 2780 gana
414 2691 688 2776 reproductive
718 2711 807 2756 eum
836 2691 1048 2773 encepbalo
1080 2689 1328 2775 jungentibus

201 2821 210 2834 ·
283 2795 346 2880 (ς.
368 2805 436 2869 181.
461 2805 489 2876 ς.
510 2799 585 2876 456.
610 2816 649 2859 n.
674 2797 759 2880 x.),
782 2793 1010 2872 cobserent,
1031 2811 1161 2856 massa
1179 2791 1327 2856 ciuem

286 2901 333 2964 in
353 2920 398 2965 eo
417 2898 588 2964 abundet
609 2899 688 2978 (§§.
710 2907 784 2972 448.
803 2909 877 2977 453.
889 2900 937 2981 ),
960 2899 999 2958 et
1017 2895 1189 2980 gangliis
1214 2893 1266 2960 sit
1283 2887 1328 2952 si·

285 3003 443 3076 mitius,
466 3022 632 3089 cumque
660 2997 830 3064 medulla
861 2997 1028 3080 missii,
1051 2997 1237 3066 musculis
1265 3013 1330 3060 eo·

285 3105 471 3172 luntariis
490 3103 674 3189 plurimis
700 3122 836 3168 nereos
869 3101 1152 3180 submittente,
1175 3121 1219 3169 ac
1244 3115 1326 3162 oum

283 3207 534 3293 gengliorum
554 3212 765 3294 systemate
790 3205 1020 3270 cohaerente
1051 3203 1112 3288 (ἵ.
1133 3219 1213 3289 450.
1228 3206 1242 3285 J
1253 3243 1265 3278 ,
1284 3197 1325 3262 in

286 3316 398 3375 arcto
432 3312 574 3374 existet
600 3330 712 3377 nexu.
753 3309 940 3392 Quamvia
975 3328 1133 3388 causes,
1158 3304 1326 3374 enimum
1368 3300 1374 3314 ‘

284 3409 517 3490 incitantes,
539 3414 581 3478 in
600 3399 772 3482 mentem
791 3417 931 3496 agant,
947 3411 1228 3480 conscientiam
1248 3423 1325 3474 mu·

285 3527 402 3598 tent,
423 3523 609 3584 moueant
639 3518 884 3582 voluntetem
904 3559 916 3594 ,
938 3519 978 3578 et
1008 3515 1176 3580 coiirceri
1205 3507 1321 3576 animi

142 3657 146 3664 ·
284 3622 474 3707 impulsus
493 3615 573 3704 ber·
592 3622 836 3693 intellectum
865 3622 1125 3712 strationem
1156 3618 1323 3705 noesiuil

283 3727 455 3809 corporis
476 3733 611 3795 temen
629 3731 778 3791 etatum
799 3726 841 3790 in
872 3725 1180 3808 compassionem
1194 3719 1321 3792 ,edlu-

283 3834 399 3900 cunt‚
416 3831 578 3893 mutent
591 3827 808 3894 functiones
829 3827 970 3896 vitales
980 3865 993 3905 ,
1015 3831 1191 3894 exaltent
1211 3821 1317 3896 virm·

281 3935 353 3994 aut
375 3927 599 4013 deprimunt
630 3950 705 3997 ees.
730 3933 835 4000 ,Cum
867 3938 1068 4016 presterea
1097 3929 1320 4004 incitamen·

279 4038 414 4100 torum
441 4034 693 4120 receptivitss
720 4051 791 4120 'pec
821 4037 1048 4106 universum
1076 4031 1316 4108 functionum

280 4137 551 4220 ergenicerum
569 4141 797 4216 concentum
815 4147 992 4204 ser-vetur
1001 4175 1014 4210 2
1035 4133 1187 4220 singola
1203 4129 1315 4200 etiem

235 4303 240 4315 ,
279 4237 550 4325 seproductiee
570 4259 766 4324 munem,
798 4246 837 4326 et
874 4238 1068 4330 genelioei
1104 4230 1351 4324 systematis.
