2888 4994
125 389 137 422 ³
177 401 287 470 seer.
308 399 337 464 1.
355 399 609 464 srsranarrs
635 407 883 468 cananaeus
905 413 1087 472 reseres.
1129 417 1170 492 99

111 545 221 610 riam
252 545 358 608 vitae
379 561 581 626 supremae
606 539 734 607 sedem
747 584 759 617 ,
789 543 1035 611 considerare
1050 555 1166 638 atque

19 718 24 728 ¹
73 645 76 650 ’
112 646 288 710 lustrare
311 645 466 709 uberius
490 648 654 726 oportet.
678 645 1010 726 Quemadmodum
1032 650 1090 714 vie
1112 651 1165 714 ei·
1227 682 1229 694 ·

111 767 168 811 ne
188 749 375 824 materia,
395 753 433 810 et
454 743 549 809 haee
572 746 655 810 siue
679 747 826 810 viribus
846 768 923 814 non
942 749 1165 836 existitffl.

113 854 215 930 3-6.
230 859 264 934 8,
274 852 377 934 54.)‚
402 851 459 914 ita
471 855 509 912 et
524 833 678 912 animae
701 850 969 917 functionibus
985 856 1165 919 materia·

112 955 174 1018 les
193 953 423 1037 respondent
447 951 593 1018 cerebri
619 955 812 1035 actiones,
840 957 942 1022 unde
964 961 1165 1044 energiam
1243 993 1250 998 ·

113 1058 346 1141 psychicam
375 1075 443 1140 per
465 1058 686 1120 universam
720 1059 986 1128 animatorum
1018 1061 1164 1131 indivi-

62 1163 67 1176 “
113 1160 283 1224 duorum
308 1161 465 1224 classem
485 1156 571 1241 pari
592 1176 630 1222 se
648 1157 794 1224 babere
812 1145 965 1228 ratione
989 1183 1076 1228 cum
1099 1185 1166 1230 en·

115 1262 274 1347 cephali
299 1263 486 1328 somatice
520 1266 560 1326 et
587 1261 796 1348 dynamica
828 1267 1068 1348 perfectione
1096 1268 1164 1332 ad·

111 1363 322 1432 vertimus}
346 1363 426 1430 Etsi
438 1365 560 1462 igitur
573 1365 828 1430 materiarum
841 1369 1016 1434 theoriae
1030 1413 1041 1446 ,
1066 1389 1164 1456 quae

112 1471 349 1536 rationeme
368 1468 549 1546 materia,
569 1471 733 1535 rationis
749 1471 957 1554 inaepaoe,
976 1492 1164 1555 exponere

114 1575 344 1655 contendit,
364 1573 470 1640 haud
492 1571 797 1650 subscribamus,
827 1593 894 1640 nee
914 1575 1183 1664 idealismum'

102 1690 347 1761 sequemur,
377 1675 445 1760 qui
475 1675 648 1740 actiones
670 1695 872 1760 corporeas
892 1697 961 1760 per
982 1676 1116 1756 ideas,
1139 1703 1163 1744 a

113 1785 299 1861 corporea
326 1785 469 1844 natura
488 1778 739 1846 abhorrentes
760 1782 893 1866 peragi
916 1777 1048 1862 dooet3
1067 1781 1161 1850 dua·

111 1882 274 1948 lismum
282 1925 298 1960 ,
324 1881 533 1948 relativum
546 1889 699 1960 tamen,
722 1903 800 1948 non
820 1903 910 1948 vero
924 1883 1161 1966 absolutum,

112 2005 182 2050 seu
202 2003 290 2048 eum
302 2027 314 2064 ,
334 1985 400 2064 oui
419 1984 600 2067 spiritum
621 1999 655 2054 et
674 1987 880 2052 materiem
904 1983 1059 2053 vinculo
1073 2007 1161 2070 per·

109 2093 229 2174 petuo
261 2087 392 2169 juncta
412 2090 576 2167 statuit,
603 2108 673 2174 pro
706 2090 940 2174 exponendis
968 2095 1161 2160 sensiferis

110 2195 358 2272 muneribus,
377 2214 443 2259 seu
461 2195 591 2277 potius
601 2214 671 2280 pro
685 2195 916 2262 illustrando
928 2204 1062 2266 mutuo
1076 2203 1160 2294 ani·

110 2323 200 2368 mae
226 2309 265 2368 et
287 2303 457 2383 corporis
488 2301 718 2369 commercio
730 2347 744 2384 ,
768 2302 870 2394 quod
888 2303 1159 2393 physiologiae

110 2407 235 2492 exigit
251 2423 415 2489 scopus,
439 2424 656 2492 sequemur.

197 2545 403 2613 Manifesta
420 2552 554 2618 ‚autem
576 2549 737 2630 apparet
756 2546 904 2612 cerebri
924 2545 966 2613 in
985 2549 1156 2618 iunctio*

109 2651 227 2716 nibus
251 2647 355 2714 vitae
374 2650 586 2716 semiferas
598 2651 819 2734 dignitas,
816 2648 955 2714 dum
943 2671 1047 2737 ipsas
1067 2673 1157 2723 con

111 2755 323 2854 sideramus
345 2752 515 2820 diversas
529 2753 760 2820 animalium
785 2754 921 2823 oiaeses
945 2759 997 2844 (ς.
1006 2777 1061 2838 aa·
1047 2761 1155 2850 ...44)

113 2838 196 2943 Quo
210 2859 317 2922 enim
328 2857 579 2955 perfectior'
548 2877 627 2936 elus
648 2857 782 2940 organi
796 2864 853 2922 est
873 2860 1065 2942 evolutio,
1081 2884 1155 2949 quo

110 2961 230 3045 major
254 2959 333 3042 ejus
352 2966 410 3024 est
426 2960 549 3024 relate
571 2958 619 3025 ad
642 2981 779 3026 nervos
799 2963 1175 3042 universosmoles„

22 3077 28 3088 ·
112 3071 247 3151 eiquo
271 3064 426 3131 uberior
454 3062 679 3130 medullaris
708 3063 948 3137 substantiae
970 3069 1018 3132 ad
1040 3069 1155 3135 corti·

112 3169 235 3234 celem
255 3174 312 3232 eet
331 3145 556 3253 proportio,
593 3173 705 3233 tanto
730 3167 853 3248 major
874 3171 915 3236 in
936 3171 1061 3238 brutia
1085 3174 1154 3238 ob·

112 3271 484 3364 servatureagacitae
504 3287 547 3335 aa
567 3265 757 3335 docilitas.
785 3267 829 3332 In
838 3265 1153 3351 homineautem,

109 3376 224 3462 longe
244 3371 519 3460 perfectissimo
532 3368 718 3449 animali,
742 3371 896 3436 eaedem
910 3370 1153 3460 cerebriper:
1210 3377 1212 3386 ’

110 3477 295 3544 sectiones
323 3473 536 3563 plurimum
557 3469 753 3553 eminent,
787 3476 826 3540 et
845 3481 1018 3559 praestat
1045 3478 1149 3544 idem

110 3579 262 3646 animae
301 3571 553 3644 facultatibus
596 3575 773 3642 omnibus
809 3577 968 3643 omnino
1012 3581 1150 3648 creatis

107 3681 358 3768 (baffi-m).
377 3676 525 3744 Docent
545 3675 704 3744 eandem
723 3676 1150 3760 eneephaliadanimae
1296 3715 1300 3724 .

107 3783 321 3851 functiones
342 3782 574 3849 relationem
594 3787 632 3846 et
650 3782 850 3846 morbosae
868 3781 946 3867 ejus
966 3783 1151 3849 mutatioa

108 3905 199 3962 nes,
220 3865 331 4005 ‘uuae
352 3902 423 3968 pro
448 3880 559 3948 varia
581 3901 650 3948 sua
670 3879 799 3948 indole
820 3888 859 3948 et
888 3881 975 3950 aede
997 3885 1151 3952 diversa

108 3986 231 4058 animi
256 3992 411 4052 mutant
423 3994 490 4052 aut
506 3986 662 4072 penitus
676 3987 923 4072 supprimunt
939 3989 1148 4073 energiam

106 4087 236 4177 ipsum
254 4095 384 4170 autem
405 4105 629 4174 corporeum
651 4089 797 4154 cerebri
812 4094 958 4156 statum
981 4089 1029 4154 ab
1043 4107 1150 4156 ener

106 4193 330 4278 giamentis
359 4191 518 4276 perinde
551 4189 824 4261 determinari,
860 4175 1148 4262 observationes
1220 4187 1222 4194 '

104 4299 324 4386 testantur,
353 4295 492 4386 quihus
523 4298 710 4374 constat,
729 4291 861 4460 ngbils
889 4291 930 4362 id
951 4291 1074 4366 riscus
1103 4317 1146 4368 ee

809 4413 829 4466 ι
