2898 4996
118 345 120 356 ·
243 327 305 395 ero
347 281 682 389 L1e.11.car.111.
704 317 762 382 Da
785 330 949 384 srsrru.
970 329 1093 386 serv.
1107 269 1240 382 noser.

224 476 331 560 ¹port
352 471 494 554 multos
514 466 634 541 alios,
668 465 786 530 etiem
807 464 1039 530 recentiores
1064 462 1289 545 scriptores,

196 617 199 622 -
247 577 515 652 aetherem
561 569 865 654 organicum
897 567 1146 650 compellavit
1172 566 1238 653 e),
1267 585 1291 629 a

246 678 384 762 ceteris
394 716 405 751 ‚
425 677 467 740 in
492 673 744 756 cryptobiotis
758 689 907 759 quoque
919 672 1148 736 substantiis
1164 689 1290 734 occur·

246 771 421 845 rentibus
453 775 850 861 imponderabilibus,
872 775 1026 860 penitus
1050 771 1232 847 differre,
1254 775 1293 835 et

211 969 213 978 Ι
246 879 583 986 principium'esee
598 883 657 946 sui
681 881 850 964 generis,
873 895 1292 965 per-processumorge·
1418 903 1422 914 ⁴

246 988 379 1054 uicum
401 983 557 1050 nonnisi
577 985 883 1070 proficiendum,
908 985 1008 1063 unde
1035 981 1173 1046 bioti
1186 999 1204 1044 c
1215 1000 1241 1044 u
1254 997 1294 1043 m

248 1089 554 1156 nominavimus.
588 1091 630 1152 ld
652 1095 782 1154 eutem
805 1085 1137 1172 imponderabile‚
1168 1083 1295 1172 quali·

249 1211 398 1278 cunque
421 1192 490 1257 sub
505 1186 830 1269 nominaverint,
853 1199 954 1258 certo
969 1193 1151 1269 existere,
1173 1176 1294 1272 inq'ue

247 1315 412 1362 nervoso
431 1299 640 1380 systemate
657 1298 862 1382 praecipue
882 1295 1053 1362 activum
1074 1317 1177 1371 esse,
1204 1295 1293 1358 nul·

212 1473 214 1481 ,
247 1399 399 1464 latenus
418 1399 655 1488 dubitamus.
674 1397 948 1464 commercium
962 1398 1065 1468 enim
1086 1417 1220 1480 corpus
1234 1397 1294 1460 in·
1337 1429 1340 1434 ·

245 1499 305 1570 tar
325 1510 363 1568 et
386 1505 559 1568 animem
582 1503 774 1583 directum
788 1510 825 1568 et
837 1504 1132 1592 immediatum,
1151 1509 1197 1566 ut
1218 1502 1290 1566 eli·

137 1645 143 1658 ·
248 1605 315 1696 qui
334 1604 530 1686 adserunt,
554 1606 844 1694 statuineqnit,
871 1606 1063 1695 siquidem
1094 1599 1293 1672 absolu·

249 1719 371 1795 tum,
401 1693 479 1778 non
498 1717 589 1778 ver'o
605 1715 821 1804 relativum
841 1719 945 1780 inter
966 1717 1138 1781 animam
1148 1721 1190 1781 et
1210 1737 1297 1780 me·

150 1855 153 1870 .
252 1814 395 1888 teriam
422 1816 564 1880 existat
593 1816 823 1911 discrimen,
859 1816 1020 1903 ipsaque
1048 1816 1298 1900 magnetismi

191 1909 194 1916 ’
255 1917 438 2014 animalis
465 1919 736 2003 phaenomena
769 1913 999 2005 ostendant,
1027 1924 1160 2010 augeri
1189 1943 1298 2008 posse

251 2021 405 2087 animae
430 2023 478 2087 ed
501 2044 635 2109 corpus
654 2026 884 2093 relationem
898 2039 966 2094 aut
984 2029 1175 2115 supprimi
1187 2029 1296 2112 peni-

136 2183 140 2191 .
248 2119 313 2190 tue
324 2171 335 2207 ,
358 2126 473 2191 vitali
491 2126 560 2193 illo
573 2127 875 2214 imponderabili
893 2132 941 2197 ad
955 2136 1216 2216 certaspartes
1230 2131 1297 2196 de·

248 2226 378 2293 riveto
401 2232 532 2296 veleb
557 2220 605 2296 iis
630 2241 804 2300 avocato.
849 2236 886 2299 si
899 2237 988 2300 dein
1010 2235 1181 2300 actiones
1207 2254 1297 2298 cone

249 2331 460 2397 sideramus
485 2333 691 2413 nervorum
712 2342 750 2401 ot
771 2339 1053 2422 apparitiones,
1086 2339 1127 2403 in
1142 2357 1297 2402 norma·

247 2437 279 2500 li
293 2441 331 2501 et
343 2437 522 2502 morboso
542 2443 648 2502 statu
669 2439 710 2504 in
730 2442 864 2528 *eodem
878 2447 1087 2529 systemata
1100 2458 1299 2505 occurren·

248 2543 330 2616 tes,
352 2535 604 2606 efficientiam
617 2541 749 2626 vigere
769 2544 1059 2625 convincimur,
1090 2563 1188 2632 quae
1213 2563 1296 2607 me·

251 2643 447 2710 chanismo
470 2645 578 2710 omni
598 2651 637 2710 at
661 2646 870 2714 chemismo
895 2651 947 2717 eit
958 2650 1160 2733 superior,
1198 2667 1297 2734 quae
1377 2705 1384 2714 .

250 2745 302 2809 ad
323 2745 424 2832 leges
442 2748 675 2834 peculiares,
692 2751 798 2828 ,vivo
833 2754 985 2838 corpori
1001 2753 1189 2818 duntaxat
1209 2771 1299 2836 pro·

194 2891 196 2896 -
248 2851 379 2935 prius,
414 2856 666 2936 prolicietur,
695 2862 929 2939 propagetur
953 2864 991 2922 et
1013 2863 1215 2942 operetur,
1251 2861 1299 2922 ut

253 2954 350 3020 adeo
374 2977 396 3019 v
409 2957 510 3022 ital
523 2959 563 3024 is
577 3006 586 3038 ,
615 2967 654 3022 et
672 2959 719 3024 ab
732 2958 821 3028 eliis
834 2958 1208 3044 imponderabilibus
1220 2956 1298 3022 dil·

20 3097 24 3104 ·
148 3111 151 3154 3
252 3061 648 3162 fereue.pronuuciari
675 3065 826 3132 debeat.

337 3225 575 3310 Principium
600 3225 639 3292 id
660 3226 851 3292 bioticum
871 3217 1088 3316 subtiliteito
1110 3233 1149 3294 et
1169 3212 1298 3318 intenss

252 3331 381 3414 tione,
410 3331 580 3418 adeoque
597 3332 715 3398 etiam
733 3333 942 3416 velocitate
958 3351 1033 3420 qua
1048 3335 1299 3418 propagatur,

235 3437 239 3450 “
254 3435 381 3520 ipsam
400 3435 514 3502 facile
524 3443 676 3522 superet
688 3439 811 3500 lucem
824 3481 836 3516 ,
857 3437 896 3500 id
908 3435 1008 3520 quod
1022 3455 1153 3499 omnes
1166 3441 1298 3498 osten·

253 3539 352 3618 dunt
374 3539 578 3614 sensiferae
606 3541 834 3606 functiones·
889 3539 1048 3606 Videtur
1080 3539 1121 3602 in
1145 3537 1301 3624 organi·

255 3639 349 3706 emis
363 3641 657 3723 perfectioribus
670 3642 726 3706 ibi
749 3632 1110 3724 praecipueevolvi,
1130 3638 1299 3732 ubison-

175 3799 181 3812 .
254 3744 339 3827 guis
358 3745 563 3830 epterIosue
584 3752 622 3809 et
643 3745 862 3810 substantie
875 3743 1101 3833 medullaris¹
1113 3745 1154 3807 in
1167 3747 1298 3808 mutu·

257 3865 325 3912 um
345 3848 506 3913 veniunt
533 3851 752 3911 contactum
764 3891 775 3928 ,
801 3865 944 3932 perque
969 3866 1106 3912 nervos
1126 3846 1166 3911 in
1182 3865 1298 3932 quas-

258 3948 319 4013 vis
341 3951 509 4034 corporis
527 3956 656 4034 partas
667 3951 885 4033 propagari.
911 3949 1009 4032 Quia
1020 3950 1302 4022 verosubsten-

258 4054 319 4119 tia
337 4053 529 4134 corticella
555 4051 701 4118 cerebri
721 4069 806 4116 cum
823 4049 1029 4118 medullari
1050 4051 1091 4116 in
1109 4041 1301 4136 amplissi-

201 4233 221 4260 ι
258 4173 322 4226 mo
339 4157 475 4264 aristit
494 4161 672 4264 contactu
686 4155 705 4242 (
719 4164 831 4237 §.ein
843 4155 872 4244 ),
886 4171 1045 4248 cumque
1057 4155 1187 4245 eadem
1199 4175 1300 4226 mas·

714 4497 726 4529 t
