2904 5002
100 311 116 432 Q
197 396 199 399 .
243 341 330 427 364·
449 341 537 410 uxr.
558 338 605 412 11.
633 342 723 408 car.
742 337 881 442 tvans
907 340 1042 418 sassa.

244 500 317 568 que
338 479 531 546 radiantis
549 480 742 572 visionem
761 483 986 550 nullatenus
1000 481 1241 570 impediant,
1263 493 1305 566 et

245 585 331 667 ipsa
342 605 410 668 par
421 585 576 650 omnem
589 605 755 650 massam
767 583 1057 669 illuminentur,
1080 608 1104 673 p
1119 611 1137 652 e
1151 590 1226 654 llu
1241 611 1258 654 c
1271 584 1304 654 iss

236 689 269 750 -d
282 709 304 750 a
317 697 419 752 sunt.
440 688 506 756 His
520 689 698 770 opposita
709 693 800 752 sunt
823 709 983 772 opaca,
998 690 1096 776 qua'e
1109 711 1303 780 propaga·

241 790 394 854 tionem
406 791 454 854 ad
470 789 593 854 lineas
605 788 730 854 rec-tas
741 789 977 874 impediunt,
1000 813 1121 876 eaque
1141 801 1299 862 tantum

242 895 464 978 superficie,
490 887 565 982 qua'
587 899 712 962 lucem
731 897 969 980 respiciunt,
1002 897 1297 978 illuminantur,

235 991 418 1083 opposita
432 1023 522 1076 vero
537 1001 731 1065 defectum
744 1000 842 1080 lucis
857 1001 895 1068 (u
908 1021 947 1065 m
960 1002 984 1066 b
997 1022 1047 1066 ra
1058 1020 1111 1086 m)
1124 1011 1296 1086 ponunt,

145 1107 148 1114 '
233 1110 271 1167 et
291 1103 506 1180 visionem,
529 1104 640 1168 oculo
653 1109 692 1168 et
714 1103 1034 1187 corporilucenti
1049 1107 1298 1190 intermedia,

238 1208 471 1292 impediunt.
494 1206 692 1279 Differunt
708 1203 911 1294 praeterea
923 1227 1084 1293 corpora
1104 1199 1215 1290 varia
1234 1235 1300 1278 ca·

127 1379 128 1386 ¹
197 1313 199 1338 ¹
236 1311 501 1394 pacitatelsua
514 1354 526 1389 ,
550 1332 627 1398 que
644 1314 769 1377 lucem
803 1313 1045 1391 conducunt,
1069 1317 1172 1381 unde
1193 1319 1299 1386 varii

236 1416 342 1480 inter
354 1419 524 1484 maxime
544 1417 740 1503 pellucida
753 1422 790 1481 et
810 1436 934 1500 opaca
950 1416 1297 1506 interceduntgra·
1339 1437 1342 1443 '

237 1517 331 1598 dus3
363 1522 515 1586 nullum
534 1542 627 1586 varo
648 1521 763 1586 datur
782 1521 1106 1608 corpusperfacta
1127 1525 1295 1609 pelluci-

143 1637 145 1646 '
185 1609 190 1650 ¹
229 1623 341 1690 dum.
387 1626 1132 1709 Quaeautemcausaintarnaefficiat,
1155 1636 1296 1695 utcor·

235 1749 334 1815 pora
356 1732 562 1796 certarint
585 1730 779 1815 pellucida
801 1735 874 1795 aut
890 1729 1035 1816 opaca,
1058 1733 1216 1800 definiri
1226 1736 1294 1806 vix

232 1841 364 1921 potest
374 1881 386 1914 ,
422 1837 525 1901 'lucis
557 1844 696 1903 natura
717 1836 885 1903 necdum
906 1837 1004 1908 satia
1032 1841 1204 1927 cognita.
1248 1843 1291 1912 Id

233 1949 367 2005 tamen
388 1933 536 2005 certum
556 1960 633 2006 ease
651 1941 833 2019 videtur,
862 1961 926 2007 eas
955 1942 1089 2009 saltam
1108 1948 1291 2019 substan-

151 2075 155 2082 ·
233 2041 313 2108 'cias
329 2046 454 2110 lucem
474 2045 710 2122 conducere,-
736 2065 833 2132 quae
851 2044 983 2124 indole
1021 2067 1093 2116 sua
1122 2052 1170 2116 ad
1201 2074 1289 2122 eam

228 2150 404 2218 'maxima
424 2153 627 2234 adcedunt‚
645 2149 1170 2244 etindifferc'nteahactenua
1183 2166 1293 2239 aunt,

192 2239 195 2246 ¹
233 2260 279 2319 ut
303 2275 389 2320 eam
409 2257 475 2322 vix
497 2257 720 2322 adtrahant.
766 2257 872 2339 Quae
891 2256 1016 2340 igitur
1029 2257 1189 2343 corpora
1208 2283 1291 2328 ma·

233 2357 336 2422 xime
362 2341 532 2443 expansa
557 2363 673 2440 euni,
706 2365 805 2444 qu'ae
829 2358 1114 2442 homogeneam
1140 2361 1291 2430 habant
1362 2429 1371 2446 „

223 2460 488 2542 densitatem,
518 2467 587 2526 aut
607 2481 705 2548 quae
726 2451 860 2526 indole
889 2459 1064 2527 chemica
1089 2481 1176 2526 cum
1200 2463 1287 2529 luca

172 2563 176 2580 '
229 2567 464 2650 congruunt,
489 2563 688 2649 pellucida
698 2563 1065 2648 potissimumum.
1093 2564 1288 2638 ‘diriter-

228 2686 307 2735 mea
329 2667 451 2754 igitur
473 2667 719 2734 substantiae
739 2674 779 2732 et
796 2666 988 2753 liquidae,
1011 2665 1129 2734 modo
1148 2663 1286 2734 homo-s

226 2789 370 2856 ganeae
395 2772 497 2850 sint,
526 2772 741 2856 pellucent,
773 2776 941 2858 suntque
960 2770 1112 2836 aolidae
1136 2792 1283 2857 opacae

225 2873 488 2957 potissimum.
526 2877 580 2940 Ex
601 2894 646 2937 eo
669 2873 789 2940 etiam
816 2873 1022 2961 est,qu0d
1042 2875 1200 2952 sebum,
1223 2897 1284 2940 re·

225 2979 346 3058 sinae,
371 2986 456 3043 cera
477 2982 548 3045 etc.
569 2975 724 3042 fusione
744 2973 941 3060 pellucida
957 2975 1182 3062 reddantur.
1205 2979 1282 3045 Me·
1353 2975 1364 3000 '

224 3071 323 3150 talla
340 3092 474 3151 tamen
494 3087 581 3150 fusa
600 3104 721 3171 opaca
740 3081 832 3150 sunt
844 3130 854 3165 ,
876 3085 925 3150 ob
945 3084 1279 3156 chemicamfaci·

197 3221 199 3224 ·
223 3191 260 3254 le
277 3189 527 3256 adfinitatem
550 3190 598 3254 ad
617 3189 755 3256 lucem.
802 3191 955 3288 Dantur
966 3196 1168 3274 praeterea
1188 3191 1280 3256 sub·

223 3295 394 3360 stantiae
411 3293 557 3360 solidae
576 3299 614 3360 et
633 3294 906 3370 densissimae,
925 3314 1027 3381 quae
1048 3296 1096 3361 nb
1109 3294 1281 3362 densita·
1306 3373 1310 3384 ‚

220 3404 302 3464 tarn
321 3397 520 3483 aequalem
533 3403 571 3464 et
588 3392 804 3464 maximam
825 3395 1135 3465 indifferentiam
1155 3399 1280 3485 pellu-

164 3499 165 3506 '
198 3504 431 3572 ciderunt.
474 3497 687 3587 aequalem
717 3523 811 3570 vero
840 3501 1074 3570 densitatem
1105 3504 1276 3590 requiri,

89 3625 92 3634 ·
218 3617 264 3675 ut
281 3609 524 3686 substantiae
537 3609 616 3675 sint
626 3607 843 3693 pellucidae
853 3650 866 3687 ,
878 3611 946 3675 aar
958 3608 1130 3676 ostendit
1143 3607 1277 3696 aqueia

220 3712 427 3806 particulis
449 3713 610 3796 mistus,
636 3707 738 3798 aq'ua
761 3731 846 3794 qum
866 3711 950 3778 oleo
972 3711 1115 3788 mista,
1145 3713 1275 3781 vatin

97 3889 100 3897 ,
217 3839 398 3904 spumam
417 3826 518 3890 acta.
561 3819 701 3884 Mistae
717 3817 832 3884 enim
840 3815 1083 3884 substantiae
1103 3813 1273 3888 chinac-

217 3924 371 4008 qualem
395 3921 632 3990 densitatem
653 3919 782 3989 radios
800 3921 996 3990 multoties
1024 3923 1212 4009 frangunt
1233 3930 1273 3991 et

129 4041 131 4052 '
214 4027 424 4096 reflectunt
439 4027 508 4094 sub
530 4026 713 4094 transitu.
760 4029 852 4096 Inde
866 4013 1078 4112 igiturest,
1098 4021 1271 4118 quodna-

215 4130 286 4206 les,
306 4137 454 4211 terrae,
483 4130 646 4196 metalla
666 4135 739 4196 etc.
729 4140 992 4220 .,antequam
1014 4151 1037 4200 a
1058 4135 1270 4201 menstruis

215 4215 439 4320 solvantur,
466 4236 653 4310 misturae
672 4236 887 4307 exhibeant
902 4235 1136 4324 ruhopacaa,
1159 4243 1201 4306 at
1219 4237 1273 4306 ai·

1190 4377 1197 4390 1
1226 4357 1237 4392 l

508 4405 515 4443 l
