2898 4996
208 349 869 420 ssor.11.msssmussssumv.
892 357 1080 412 ostiens
1130 363 1194 466 sip

158 495 467 594 intellectu,
497 496 704 561 rationo
735 497 773 556 et
799 457 992 568 animo,
1025 455 1196 560 conside·
1253 537 1255 544 ,

159 601 241 668 rari
260 587 478 666 sueverunt.

241 743 383 810 Ceteris
402 740 655 806 facultatibus
675 741 804 825 prius,
834 746 879 805 ut
897 759 1050 808 neeesse
1070 743 1197 808 omni·

144 869 209 915 mo
238 854 316 922 eat,
349 843 739 929 sensuoexplicatur‚
772 848 836 930 qui
859 851 987 912 aetate
1018 845 1197 911 infantili

161 950 382 1036 praevalen
404 947 623 1014 intellectus
646 945 734 1012 dein
751 957 829 1012 sese
841 947 1016 1032 perficit,
1039 955 1077 1013 et
1096 949 1208 1032 viget
1251 974 1256 984 Ι
1302 943 1306 953 ’
1339 957 1345 972 ·

159 1074 247 1120 cum
259 1071 370 1136 sensu
382 1052 424 1115 in
437 1069 573 1134 puer03
587 1037 887 1134 eatetejuvenili
899 1052 1051 1116 animus
1064 1053 1198 1136 guber-

160 1155 424 1239 nareincipit,
456 1159 494 1218 et
504 1153 611 1238 viget
623 1153 757 1219 inviro
769 1155 894 1236 ratio,
912 1174 1009 1241 quae
1023 1157 1198 1221 animum
1223 1147 1229 1166 ³
1264 1215 1269 1224 ,

162 1257 284 1324 simul
305 1260 517 1344 gubernet,
547 1255 760 1342 ethicisque
779 1255 940 1335 subiicit
959 1258 1102 1341 regulis
1117 1279 1127 1318 ι
1145 1257 1204 1342 ju·
1266 1323 1269 1333 Α
1307 1275 1310 1286 “

164 1361 313 1428 dicium
336 1359 498 1446 denique
508 1401 519 1436 ,
538 1359 1115 1448 'longaexpsrieptiafirmatum
1133 1360 1202 1436 ,iu

148 1469 357 1530 'senectute
376 1465 598 1548 praevalet,
620 1483 730 1528 sensu
751 1467 791 1526 et
813 1461 1105 1547 intellectilium
1127 1459 1206 1540 iam

162 1564 409 1634 labefactatio
423 1585 436 1642 ς.
455 1564 606 1642 animus
619 1585 710 1630 vero
725 1564 898 1648 passivus
911 1563 1085 1639 redditus·
1099 1607 1111 1643 ,
1136 1584 1207 1629 un·

163 1670 211 1735 de
232 1675 356 1735 metus
373 1676 412 1733 et
430 1687 560 1734 omnes
583 1667 631 1731 ab
653 1687 696 1732 eo
722 1665 990 1732 descendentes
1010 1669 1203 1753 passiones
1267 1664 1270 1673 ’

162 1771 279 1844 modo
302 1763 479 1857 regnent.
523 1771 720 1858 Religiosa
739 1790 889 1857 quoque
901 1771 1021 1853 fides,
1043 1776 1088 1837 ut
1099 1789 1202 1834 sum·
1294 1807 1298 1814 ·

164 1889 320 1942 motum
350 1875 557 1960 sapientiae
589 1875 792 1941 doctorum
819 1874 1003 1959 exemplis
1030 1879 1200 1950 constat,
1233 1953 1235 1958 Ι

163 1977 328 2067 gradum
346 1979 562 2048 maximum
582 1977 625 2043 in
648 1978 804 2045 senibus
823 1975 1005 2066 adtingit.

532 2227 827 2258 *-

597 2477 689 2542 Cae.
722 2471 784 2540 IV„

356 2633 364 2652 '
489 2659 592 2738 ‚nn
642 2658 869 2740 seusu,

587 2797 803 2838 -ι-Ι-ι-

510 3050 519 3060 ,
616 2959 647 3030 §-
688 2953 788 3038 4⁶9··
874 2931 878 2942 ’

510 3140 542 3204 G
562 3159 584 3211 a
602 3159 629 3206 n
650 3161 705 3206 er
727 3161 749 3206 u
768 3139 783 3204 l
802 3139 817 3204 i
836 3160 870 3206 a.

174 3307 410 3453 Junguntur
438 3385 567 3434 omnes
586 3361 708 3438 totius
729 3369 902 3458 corporis
924 3375 1054 3458 partes
1074 3370 1116 3436 in
1139 3368 1210 3435 ho·
1241 3377 1243 3385 ’

170 3476 277 3542 mina
299 3481 337 3542 et
356 3475 652 3562 perfectioribus
680 3476 918 3546 animalibus
946 3487 1014 3561 pti·
1036 3479 1208 3562 systema

165 3599 350 3646 nervuum
361 3581 402 3645 in
417 3582 680 3664 organismum
692 3603 849 3664 verum,
869 3583 1007 3669 quisui
1020 3580 1204 3661 conscius,
1225 3601 1228 3608 ·

172 3685 231 3748 sui
254 3685 372 3752 sentit
400 3684 644 3752 individuam
674 3687 941 3763 existentiam,
974 3687 1211 3769 omnemque,
1313 3687 1316 3694 '

170 3786 247 3854 albi
268 3788 420 3852 illatam
442 3789 700 3855 mutationem
715 3791 891 3875 percipit.
934 3789 1107 3855 Dicimus
1131 3788 1207 3851 ita-

171 3913 255 3980 que
272 3911 357 3955 eam
381 3891 565 3958 animalis
589 3892 775 3976 eorporis,
807 3899 876 3958 aut
899 3892 1029 3975 potius
1055 3885 1240 3960 nervosi.

168 3995 389 4081 systematis
419 3991 525 4072 vim,
556 4013 632 4082 qua
659 3977 932 4081 impressiones
958 3993 1085 4059 varias
1110 3989 1205 4057 reoi-

139 4111 258 4178 spere
283 4099 321 4160 et
339 4115 551 4181 propagare
570 4097 619 4164 ad
637 4097 854 4166 sensorium
877 4113 1102 4170 commune,
1124 4091 1204 4157 ibi·

173 4217 247 4286 que
270 4207 415 4270 certem
436 4202 608 4292 aliquam
634 4203 914 4282 mutationem,
941 4217 1057 4288 quam
1078 4197 1215 4266 anima
