2898 4996
143 381 264 450 secr.
291 378 337 448 11.
358 379 417 448 Dr
435 379 686 450 sternuat-ts
706 393 825 452 nanu.
848 395 1036 491 orarent.
1078 403 1145 474 ²09

96 523 354 602 mechanica,
374 521 550 590 chemiea
572 531 610 590 et
634 523 868 610 dynamice,
894 527 952 594 ita
974 537 1013 596 et
1034 531 1148 598 nervi

27 637 29 690 ἒ
94 631 212 698 modo
231 629 509 716 tripliciegere
527 629 733 709 videntur,
762 633 915 696 actione
937 632 1148 720 dynamica

27 719 29 806 J
94 733 521 820 ceteroquinmexime
542 733 800 816 praevalente.
823 733 861 800 si
884 735 988 800 enim
1007 737 1056 802 ad
1075 739 1147 802 eti·

27 831 28 838 '
92 835 220 902 mulce
261 835 511 902 advertemus
525 877 537 912 ,
567 837 789 922 eyetematie
806 839 961 906 nervosi
981 840 1146 906 vitalem

92 935 338 1006 coactionem
351 935 579 1006 e'uecitentee
591 984 602 1020 ,
628 945 712 1006 tum
724 943 931 1008 manifeste
942 943 1148 1022 cernimus,

95 1045 254 1130 aliquos
278 1065 356 1110 eeee
372 1043 466 1108 talea
477 1059 493 1119 ,'
508 1045 575 1129 qui
595 1047 775 1130 primitue
798 1047 1065 1114 mechanicum
1079 1067 1148 1132 po-

79 1155 219 1241 nant,
256 1149 321 1215 vel
346 1149 560 1229 chemicum
583 1149 647 1217 vel
677 1149 930 1236 dynamicum'
951 1149 1146 1218 effectum.

97 1251 153 1316 sio
175 1271 316 1318 censue
342 1257 470 1316 tectus
490 1252 664 1340 phyeieie
683 1253 764 1318 fere
785 1254 995 1330 suscitetur
1016 1275 1152 1340 corpo·

99 1372 182 1418 eum
210 1353 473 1440 qualitatibus
496 1355 545 1442 (ς.
564 1358 641 1440 5.),‚
665 1357 931 1424 mechanicam
964 1357 1150 1446 quodem·

99 1457 215 1524 modo
262 1459 522 1526 mutationem
551 1457 855 1540 inducentibus,
889 1465 928 1526 et
956 1463 1149 1548 contingit
1177 1457 1180 1470 '

27 1563 28 1596 ἒ
103 1557 210 1624 idem
223 1560 450 1648 frequenter
469 1561 512 1626 in
524 1582 635 1628 eeneu
649 1583 852 1648 corporeo,
873 1563 1151 1650 eatqueprimi·

100 1661 182 1730 tiva
203 1682 396 1732 sonorum
411 1661 469 1728 vie
489 1683 637 1752 quoque
653 1663 890 1758 mechanica.
922 1665 1094 1732 ollactus
1114 1671 1154 1734 et

101 1772 283 1852 gustatus
322 1765 501 1832 chemicie
541 1766 849 1834 substantiarum
893 1767 1152 1854 qualitatibus

106 1867 391 1936 eollieitantur.
414 1869 492 1934 Lux
504 1891 607 1938 mere
627 1871 836 1959 dynamica
858 1869 1155 1962 eetefficientia,

107 1973 235 2038 vieum
262 1971 449 2036 euecitane
461 2013 473 2050 ,
504 1979 684 2060 etegent
709 1973 861 2040 etimuli
882 1975 1064 2058 plurimi,
1087 1979 1156 2063 qui

107 2093 337 2158 corporeum
375 2081 531 2141 mutant
560 2097 736 2160 eenaum,
767 2075 994 2164 dynamioe,
1025 2087 1157 2168 eatque

109 2180 236 2246 omnia
257 2177 461 2258 incitatio,
481 2199 598 2266 quem
611 2201 718 2247 mene
735 2181 875 2246 exserit
889 2187 957 2246 eut
979 2181 1156 2263 enimus,

114 2285 358 2352 mechanicia
387 2291 425 2350 et
457 2283 640 2369 chemicip
667 2285 790 2352 caucia
819 2285 944 2351 multo
969 2288 1159 2370 auperior.

50 2385 52 2393 '
111 2383 290 2472 Denique
313 2387 484 2454 vidimus
509 2388 684 2474 superius
715 2397 769 2468 (t.
787 2391 924 2478 agn),
955 2388 1160 2456 etimulum

111 2489 391 2568 Gelvenicum,
440 2495 574 2576 utpote
603 2489 856 2557 efficientiam
886 2491 1159 2578 dynamicem,

111 2611 242 2660 uenena
269 2589 456 2658 euecitare
478 2612 610 2658 omnee
633 2599 671 2658 et
690 2595 925 2660 muccularee
948 2599 1089 2660 metue.

28 2805 29 2822 χ
192 2733 318 2802 Omne
330 2741 458 2802 autem
472 2734 793 2814 incitamentum,
817 2755 880 2802 eeu
892 2719 1061 2803 fo'rmem
1080 2731 1160 2818 pri·

28 2833 29 2850 ²
113 2824 229 2904 mitur
257 2843 382 2904 mutet
404 2837 591 2902 materiae
619 2837 846 2924 organicae,
877 2856 941 2902 eeu
963 2833 1161 2922 principia

28 2929 29 2950 ¹
115 2939 291 3008 chemica
308 2947 377 3007 aut
393 2941 493 3007 viree
507 2945 708 3030 convertet
717 2981 729 3018 ‚
751 2939 949 3025 triplicem
963 2937 1079 3006 simul
1091 2959 1162 3024 po·

116 3061 204 3110 nere
224 3041 340 3110 debet
363 3043 619 3108 mutationem
638 3043 707 3128 (§§.
729 3059 779 3126 70.
792 3059 846 3124 71.
858 3042 893 3131 ).
923 3041 1004 3110 Non
1018 3048 1075 3110 eet
1088 3045 1164 3130 igi·

117 3145 973 3238 turquoddubitemuec,elementorum
1003 3147 1165 3214 eubti-

28 3287 30 3304 ·
120 3247 243 3320 lium
270 3245 1164 3319 medullariaeubeteniiaelenieei·

122 3353 1161 3438 mumcontingeraetinconepicuumaub

28 3461 29 3554 l
127 3455 585 3524 reectiouavitali
612 3463 828 3540 motum,
866 3460 1166 3530 mintionem

28 3569 29 3612 l
125 3557 1159 3634 eimulmutari,etviriumacciderecon·

28 3665 30 3802 J
128 3661 428 3730 ver-cionem.
472 3659 667 3728 Firmatur
687 3662 782 3728 haec
802 3663 994 3728 cententio
1016 3683 1083 3746 per
1105 3687 1163 3730 ee·

28 3831 29 3840 ,
128 3763 593 3850 quenteeoheervationee,

28 3855 30 3988 i
151 3975 154 3982 ,
210 3902 497 3995 1)Requiritur
519 3903 787 3990 certapulpae
815 3923 1001 3974 nervosae
1023 3907 1163 3976 cohae-

28 4027 30 4086 ῃ
132 4003 185 4096 eie
201 4019 239 4080 et
257 4017 362 4080 certa
385 4011 534 4088 forme,
566 4015 609 4091 ut
634 4004 903 4100 impressiones
934 4011 1106 4094 recipere
1127 4019 1165 4082 et

29 4119 30 4124 ’
133 4131 339 4204 propagare
352 4101 410 4184 ”od
432 4120 606 4181 centrum
625 4113 688 4182 vel
708 4114 797 4181 inde
817 4113 867 4180 ad
886 4113 1163 4200 peripheriam,

29 4243 30 4286 ι
134 4233 328 4310 tenensque
352 4223 538 4286 et·motue
554 4216 738 4284 eueoitere
751 4214 879 4296 valeat
896 4221 910 4300 (
926 4225 955 4296 t.
966 4236 1019 4304 55.
1029 4225 1059 4306 ).
1081 4224 1163 4290 lite.

177 4333 410 4412 taneosein
428 4336 705 4464 Physiclmecl.
725 4338 804 4412 vol.
827 4341 885 4406 lv.
1022 4354 1050 4418 0
