2904 5002
243 333 246 342 ¹
271 353 378 428 secr.
406 355 470 426 111.
490 359 549 426 De
572 349 1060 438 vrsv.1.oaear'atvram.
1144 369 1213 442 3511

251 501 477 568 Membrana
500 497 671 586 corporis
690 497 831 578 vitrei,
853 497 1132 584 hyaloidea
1151 493 1211 560 di·

166 607 250 684 cta,
277 604 487 670 tenerrima
500 648 512 684 ,
537 603 707 668 maxime
730 603 944 688 pellucida,
967 602 1015 666 ab
1037 603 1213 670 alcohoir
1253 585 1275 682 ¹,

165 704 250 770 vini
275 706 496 772 riullatenur
519 702 781 782 obscuranda,
816 707 1082 788 conceptacuii
1099 705 1217 770 undi-

169 827 241 894 que
263 808 382 874 clanei
403 809 546 890 instar,
571 806 739 894 adeoque
758 806 980 874 tunicarum
999 827 1215 874 aeroaarum

49 949 53 962 ·
166 927 275 976 more
303 908 493 996 (§.1e6.),
526 909 759 988 humorem,
790 927 904 994 quem
927 911 1083 974 interna
1112 909 1212 974 iacia

168 1008 254 1092 ipsa
273 1013 436 1076 recarnit
448 1055 460 1092 ‚
485 1010 671 1078 continet.
706 1011 816 1076 Parte
836 1030 904 1076 rua
923 1011 1136 1094 posteriore
1150 1032 1217 1076 va.

165 1131 295 1176 aerum
319 1115 571 1198 centralium,
594 1116 636 1180 in
658 1112 862 1200 capillaria
880 1115 1034 1180 vascula
1058 1120 1216 1179 extenu-

167 1219 319 1280 atorum
342 1235 412 1300 ope
423 1260 436 1295 ,
459 1237 547 1282 cum
567 1215 695 1283 retina
716 1199 854 1283 levite'r
874 1214 1066 1282 cohaeret.
1106 1212 1218 1284 Anti-

168 1333 213 1379 ca
234 1321 364 1382 autem
386 1325 496 1402 parte
513 1309 600 1384 cum
620 1320 777 1402 capsula
798 1318 937 1400 lentie,
952 1337 1216 1404 cumquepro·

166 1417 330 1486 uersibus
351 1419 550 1490 ciliaribur
573 1421 619 1504 (ς.
638 1422 729 1508 499.)
753 1418 940 1506 iungitur.
976 1419 1087 1489 Facie
1109 1421 1213 1486 enim

166 1523 241 1587 hac
274 1522 407 1588 tunica
436 1519 646 1608 hyaloidea
675 1522 830 1612 innduaa
850 1519 995 1590 recedit
1025 1521 1187 1606 paginas
1203 1565 1215 1598 ,

170 1643 334 1712 quarum
357 1625 548 1709 anterior,
581 1647 603 1690 a
623 1623 690 1694 cei.
715 1624 891 1690 Renoua
912 1643 1035 1710 nuper
1054 1643 1123 1710 pro
1147 1641 1213 1710 pe·

168 1727 308 1794 culiari
337 1731 567 1804 membrana
599 1723 893 1814 declarata”),
924 1713 1216 1824 plicatum‘fo'r-
1257 1779 1259 1788 ,
1347 1797 1354 1812 ,

168 1836 253 1898 mat
275 1831 433 1912 orbem,
468 1837 646 1916 tempera
668 1847 796 1898 veraua
814 1829 989 1916 pariter,
1012 1837 1057 1895 ut
1080 1849 1218 1916 corpur

154 1939 404 2031 ¹ciliareeet,
440 1921 851 2017 latiorem,'corona
885 1937 1090 2004 ciliaria
1129 1941 1218 2024 poet

166 2046 478 2128 (iamparum,¹
521 2037 705 2110 Zinr'rio
735 2061 825 2106 vero
859 2059 981 2106 zona
1011 2042 1217 2110 ciliaris

169 2145 316 2214 dictum
339 2143 396 2232 a).
428 2144 672 2212 Adhaereecit
693 2163 837 2210 corona
856 2139 1004 2208 ciliaria
1023 2145 1214 2231 margine,
1311 2161 1316 2179 ‘

167 2249 216 2314 ad
240 2251 342 2314 exim
366 2249 468 2314 oculi
499 2253 746 2326 excurrente,
777 2247 954 2330 capsulae
974 2245 1114 2328 lentie,
1139 2253 1216 2316 aui·

166 2354 219 2420 cie
240 2359 370 2418 autem
386 2353 464 2416 euie
486 2349 848 2436 processusciliares
869 2347 1021 2434 excipit.
1050 2350 1214 2430 Lamina

164 2459 352 2544 posterior
381 2455 614 2540 hyaloideee
647 2455 895 2520 membranae
928 2451 1026 2518 lenti
1062 2473 1214 2545 quoque

166 2557 371 2640 adhaeret,
395 2557 512 2644 paulo
534 2565 666 2624 tamen
684 2555 888 2643 posteriue,
910 2561 949 2621 et
968 2555 1112 2622 format
1126 2577 1214 2622 cum
1308 2554 1316 2570 ‘

169 2683 310 2730 corona
331 2661 459 2726 ciliari
472 2661 646 2726 canalem
670 2652 893 2726 circularem
908 2659 1123 2742 plicatum,
1146 2683 1213 2728 va·

164 2785 299 2854 peram
322 2765 503 2832 subtilem
527 2765 817 2867 continentem,
842 2765 927 2826 aiire
940 2763 1083 2830 inflate
1101 2763 1213 2834 didu-

166 2863 354 2972 ceq'dum',
379 2870 446 2955 qui
470 2869 660 2936 canalia
681 2865 841 2934 Potiti
863 2867 1019 2934 dicitur.

257 3031 460 3100 Descendit
484 3039 613 3100 autem
635 3034 769 3100 tunica
793 3032 1003 3120 hyaloidea
1031 3031 1072 3098 in
1096 3031 1212 3098 vitrei

165 3137 332 3224 corporis
347 3149 570 3222 compagem
583 3136 769 3204 hactenus
782 3181 794 3212 .
811 3143 856 3203 ut
875 3133 1122 3202 tenuissimae
1134 3136 1213 3206 for·

163 3233 243 3308 n‘ret
265 3241 444 3320 cellulae,
477 3239 636 3326 quaein
664 3240 862 3328 congelato
893 3245 997 3324 etatu
1032 3239 1211 3306 ientisor·

165 3363 247 3410 mee
264 3345 459 3426 lamellas,
482 3344 648 3426 maiores
660 3345 708 3423 ia
721 3345 872 3410 ambitu
886 3348 925 3408 et
944 3337 1113 3408 minares
1129 3363 1215 3410 ver·

165 3467 229 3512 aua
253 3452 429 3516 centrum
441 3449 623 3512 referunt.
656 3446 699 3512 in
719 3446 779 3512 hie
799 3445 946 3512 cellulis
965 3447 1105 3514 humor
1124 3467 1214 3514 con·

1291 1899 1298 1936 i

129 3538 150 3558 ”’
163 3549 337 3628 tiaetur;
360 3567 429 3614 nec
450 3569 580 3616 omnee
594 3548 760 3614 invicem
773 3547 1081 3626 communicant,
1093 3549 1213 3636 riqui-
1285 3587 1288 3599 ·

165 3652 256 3718 dem‘
272 3651 376 3716 latex
398 3657 599 3720 contentus
626 3653 782 3718 vulnere
806 3651 958 3718 inflicto
981 3649 1086 3716 haud
1107 3657 1214 3718 totua

164 3753 321 3822 effluat.
352 3757 510 3826 Videtur
526 3765 657 3824 tamen
676 3758 810 3823 tunica
830 3759 957 3848 vitrea
987 3757 1122 3842 pervia
1153 3777 1210 3822 er·

164 3879 224 3939 ae,
258 3856 448 3944 aiquidem
469 3857 611 3925 humor
638 3867 842 3944 cantentur
869 3864 949 3928 iere
970 3865 1075 3925 tetur
1097 3859 1218 3924 exha-

164 3963 241 4038 let,
266 3980 424 4046 corpore
446 3963 572 4025 vitreo
590 3961 672 4026 a'eri
697 3961 892 4046 exposito,
916 3968 955 4028 et
973 3959 1145 4028 vicissim
1169 3977 1211 4022 a·

59 4108 61 4122 .
166 4075 265 4150 quae
287 4063 509 4128 immersum
529 4061 693 4144 pondere
715 4070 912 4148 augeatur.
944 4056 1120 4164 Humor
1145 4060 1210 4122 vi·

163 4173 302 4234 traua
315 4211 327 4254 ,
350 4169 394 4232 ut
412 4167 622 4236 Caruavrx
643 4167 851 4254 comperit,
879 4185 965 4236 cum
982 4183 1104 4252 aquea
1126 4181 1212 4230 ocu·
