2910 4996
441 349 550 418 εισι.
573 343 600 414 1.
623 349 682 415 Ds
704 359 821 422 vocs·
1126 320 1193 438 75⁴

150 577 154 582 Ι
214 496 373 571 Altera,
397 497 435 562 et
452 493 609 580 quidem
624 491 829 578 congenita
851 489 1007 561 homini
1026 497 1064 559 st
1083 494 1169 562 ani·

119 600 311 680 malibus,
330 603 443 664 esest
458 598 563 663 vocis
584 593 832 672 differentia,
855 615 953 683 quae
975 618 1000 663 a
1020 596 1169 666 desida-

117 705 185 770 riis
210 711 249 768 et
272 702 397 768 animi
422 701 592 766 motibus
614 701 766 778 oritur,
789 705 936 787 etquas
954 699 1179 768 adeocom-

121 807 250 872 munis
277 813 333 872 est
356 811 394 869 et
414 787 620 880 constans,
642 809 688 868 ut
709 803 752 868 in
777 801 1004 870 bominibus
1027 805 1170 880 mutis,

122 915 188 974 sut
219 911 330 1016 loqui
352 927 426 976 non
449 899 595 982 doctis,
617 905 736 994 inque
765 906 894 971 brutis
918 905 1054 972 eodem
1081 908 1172 974 ubi·

123 1031 194 1099 que
215 1005 348 1076 tenore
372 1010 496 1076 animi
526 1008 722 1094 significet
750 1014 929 1086 statum.
955 1007 1172 1075 Peculiares

116 1103 224 1182 'euim
249 1121 340 1180 sunt
361 1115 521 1190 avibus,
549 1111 860 1208 quadrupedibus
886 1117 924 1177 et
945 1111 1035 1180 aliis
1055 1131 1172 1184 voca·

122 1222 226 1312 libus
250 1216 488 1284 animalibus
509 1236 643 1296 voces,
666 1217 811 1304 quibus
818 1216 1051 1293 terrorem,'
1040 1235 1168 1292 irem,

123 1343 320 1402 amorem,
352 1322 551 1408 pullorum
585 1321 814 1397 caritatem,
836 1317 1043 1404 gaudium,
1063 1321 1172 1386 dolo·
1253 1372 1261 1384 .

121 1447 203 1495 rem
225 1433 296 1493 eto.
317 1425 552 1510 exprimunt.
577 1427 808 1492 Communes
842 1425 963 1490 etiem
987 1431 1077 1490 sunt
1096 1424 1171 1489 ho·

122 1531 296 1598 minibus
327 1519 551 1592 adfectuum
582 1533 620 1592 et
646 1527 868 1610 passionum
901 1547 1031 1602 voces,
1070 1527 1167 1611 ipsis

126 1637 245 1702 etiem
267 1632 529 1712 animalibus,
552 1631 775 1704 domesticis
793 1633 1026 1720 praecipue,
1050 1621 1170 1702 intel·

127 1740 302 1828 ligibiles
321 1738 373 1824 a).

123 1922 127 1928 ’
213 1898 272 1972 Ad
291 1897 503 1984 peculiares
531 1897 636 1964 vocis
666 1893 798 1964 modos
809 1941 822 1978 ,
853 1855 1017 2005 quo-rum
1048 1901 1171 1994 aliqui

132 2021 220 2073 cum
245 2002 371 2074 enimi
399 2002 570 2074 motibus
591 2001 831 2092 junguntur,
858 2010 1059 2093 sequentes
1081 2029 1170 2094 per·

127 2112 258 2178 tinent
272 2132 283 2178 ι

212 2260 276 2323 ca
287 2261 377 2322 ntu
388 2277 418 2335 s,
442 2255 577 2322 avibus
589 2253 768 2339 proprius
780 2251 1006 2336 ethomini,
1025 2255 1171 2324 amoris

131 2371 169 2432 et
185 2347 365 2430 laetitiae
389 2368 445 2428 est
470 2379 555 2426 vox.
586 2358 814 2426 Producitur
830 2377 1065 2444 organorum
1085 2381 1173 2446 per·

130 2467 335 2534 fectiorbm
365 2464 512 2550 majore
540 2459 652 2540 nisu,
682 2464 802 2540 adeo,
821 2469 868 2528 ut
885 2461 986 2529 fiant
1008 2463 1173 2532 undula·

132 2573 258 2637 tiones
279 2568 566 2644 manifestiores
586 2587 628 2632 ac
650 2568 693 2632 in
713 2567 890 2653 loquela,
909 2587 979 2633 nso
1010 2569 1172 2655 conqui-

132 2679 233 2740 escat
260 2667 419 2756 larynx,
460 2689 596 2735 verum
619 2670 661 2736 in
695 2667 927 2758 aequilibrio
951 2672 1061 2758 qussi
1080 2691 1171 2737 con·

133 2779 248 2844 sistet
267 2775 368 2839 inter
394 2773 588 2840 elevantes
614 2779 654 2840 et
674 2773 918 2840 detrahentes
938 2774 1052 2846 vires.
1083 2775 1176 2840 Pro·

132 2865 258 2946 fertur
270 2883 384 2946 cantu
395 2883 578 2944 tonorum
595 2878 768 2944 varietas
783 2877 869 2948 sine
882 2876 1007 2944 literis
1026 2898 1176 2964 expres-

132 2985 209 3060 sis,
239 2983 305 3048 vel
329 2999 416 3049 oum
440 2979 504 3048 his
527 2991 596 3050 aut
625 2983 785 3050 vocibus
818 2984 983 3072 prolatis
1017 2983 1176 3068 juncte,

135 3095 268 3173 estque
298 3094 480 3152 tonorum
501 3094 708 3173 perpetuus
734 3091 951 3172 transitus,
979 3112 1002 3156 a
1020 3092 1176 3177 gravio·
1260 3123 1264 3130 ·

131 3191 241 3257 ribus
261 3190 311 3256 ad
329 3192 519 3257 acutiores
542 3197 579 3262 et
600 3191 784 3260 vicissim·
814 3194 1065 3261 Proferuntur
1086 3216 1178 3262 can·

132 3299 175 3359 tu
202 3293 283 3371 iem
305 3282 498 3380 longiores
527 3296 613 3360 toni
629 3296 724 3378 riam
754 3300 912 3376 breves,
944 3298 1025 3383 jam
1043 3299 1176 3380 tardi,

136 3393 301 3470 celeres,
326 3397 487 3461 tremuli
508 3402 603 3474 etc„
634 3417 731 3484 quae
757 3405 890 3466 tamen
912 3402 1045 3466 omnia
1063 3401 1177 3485 juxta

135 3496 333 3564 melodias
350 3499 502 3586 regulas
527 3501 770 3604 contingunt
793 3505 838 3570 ln
859 3504 1086 3572 universum
1110 3526 1178 3570 au·

137 3603 217 3664 tem
240 3621 316 3666 vox
333 3591 580 3691 aliquantum
601 3606 752 3670 acutior
773 3627 850 3674 esse
872 3609 1008 3674 solet·
995 3630 1039 3674 ru
1061 3615 1177 3680 cantu

138 3719 255 3786 quam
276 3721 344 3780 ea,
367 3721 464 3790 qnae
477 3706 722 3794 loquentibus
744 3708 956 3776 familiaris
979 3717 1048 3777 est.
1082 3711 1183 3794 Quia

137 3823 228 3870 vero
260 3808 426 3875 musculi
449 3809 625 3896 laryngis
655 3809 747 3886 sub
759 3815 876 3878 cantu
898 3817 1022 3898 magis
1053 3815 1184 3880 inten·

137 3907 336 3986 duntur,
323 3931 482 3997 ipsaque
502 3915 623 3980 etiam
641 3916 848 3998 respiratio
868 3915 1015 3985 diutius
1027 3921 1181 3998 protra-

138 4015 182 4081 hi
201 4015 333 4098 debet,
351 4013 400 4080 id
420 4015 645 4088 exercitium
666 3997 801 4088 multo
798 4022 938 4104 magis
962 4041 1017 4088 ao
1013 4021 1184 4104 loquele

139 4109 346 4204 defetigat.
380 4119 437 4186 Ad
462 4128 618 4188 cantum
647 4124 794 4192 bonum
822 4127 1074 4214 requiruntur
1100 4145 1186 4212 per·
1267 4217 1274 4221 .

139 4223 241 4290 lecta
262 4217 494 4311 organorum
514 4225 686 4311 fabrica,
707 4228 809 4309 iusta
830 4229 1005 4317 partium
1025 4249 1187 4324 propor-
