2888 4994
122 407 570 474 sensumsensurn
599 395 1048 476 cerssnscrs'rses'rca.
1079 427 1135 480 sn

536 617 566 696 5·
610 625 684 696 448·
856 619 868 692 l

170 774 450 876 Differam
475 800 684 904 cerebri
717 801 1039 911 substantie.

163 993 333 1076 Magnus
351 987 513 1054 omnino
533 987 740 1071 dignitatis
756 987 796 1052 iu
817 987 1043 1054 oeconomia
1056 987 1139 1052 anis
1241 991 1246 998 '

92 1095 179 1158 mali
202 1095 324 1180 inque
345 1093 612 1157 functionibus
631 1091 829 1158 sensiferis
846 1095 894 1156 'ea
916 1096 973 1155 est
991 1106 1140 1157 massas

90 1198 276 1272 varietas,
308 1215 407 1287 quae
426 1197 466 1260 in
482 1195 636 1260 cerebro
648 1197 851 1276 reperitur.
893 1192 1059 1257 Exhibet
1077 1210 1140 1258 re·

94 1320 167 1364 cens
188 1301 300 1366 haud
322 1305 556 1365 maceratum
582 1299 781 1362 cerebrum
803 1305 842 1364 et
864 1283 1035 1363 medulla
1057 1297 1136 1386 spi·

97 1403 205 1478 uelis,
227 1400 353 1466 cultro
372 1399 918 1486 incisaubiquesubstantiam
932 1399 1139 1484 duplicemt

98 1508 258 1572 alteram
291 1505 495 1584 iustioris,
538 1505 941 1571 rubicundo-cinerei
978 1508 1138 1572 colorisr

97 1608 341 1684 molliorem,
363 1607 488 1692 magis
500 1605 755 1690 perlucidam,
777 1605 1006 1672 humoribus
1020 1612 1058 1672 et
1071 1629 1138 1673 va·

94 1710 361 1788 ustulatam,
384 1709 618 1798 quaeportio
644 1710 848 1774 cinerea
866 1732 896 1774 s.
916 1711 1139 1775 cortica*

96 1813 156 1876 lis
180 1812 349 1890 dicitur-3
380 1811 716 1893 alteramalbam,
750 1813 1003 1878 duriorem-et
1021 1813 1140 1878 fibro·

94 1935 164 1979 sam
174 1961 186 1996 ‚
215 1914 558 1986 medullarem
579 1913 739 1990 dictam.
764 1917 831 1980 llis
844 1917 1035 1982 adradunt
1047 1920 1138 1982 sub·

94 2023 255 2088 stantiae
280 2021 428 2084 flava
452 2025 490 2083 et
516 2020 663 2084 fusca
691 2035 720 2081 s.
740 2008 910 2102 nigra,
945 2021 987 2084 in
1010 2021 1134 2104 parti-

92 2117 150 2182 bus
163 2124 315 2187 cerebri
328 2121 532 2187 nonnullis
544 2120 770 2205 reperihiles
784 2165 794 2199 ,
817 2141 915 2204 quae
925 2123 1138 2190 transitum

95 2227 192 2306 quasi
203 2225 358 2291 iaciunt
370 2247 414 2290 ex
435 2225 611 2290 corticali
633 2225 675 2290 iu
689 2222 942 2291 medullarem
956 2236 1137 2293 massamt

167 2387 643 2466 Substantiacinerea,
671 2385 1058 2453 curticulisexso
1077 2390 1139 2456 di·
1191 2435 1194 2442 -

101 2493 169 2568 cta,
203 2491 308 2578 quod
333 2493 530 2563 cerebrum
556 2510 669 2557 omne
685 2499 721 2555 et
735 2491 967 2556 cerebellum
983 2493 1138 2558 corticis
1220 2507 1226 2530 ⁸

100 2589 211 2658 instar
231 2592 404 2671 ambiat,
426 2595 605 2680 ipsosque
622 2613 736 2678 gyros
759 2592 808 2657 ad
832 2600 975 2659 certam
999 2595 1137 2659 crassi·

29 2693 30 2758 l
96 2693 262 2760 tudinem
275 2696 441 2777 vestiat,
464 2697 588 2762 sulcos
601 2701 773 2778 penetret
785 2697 842 2781 '),
870 2700 908 2758 et
922 2697 1135 2762 medullam

29 2785 30 2794 ’
99 2793 133 2858 in
154 2818 218 2865 suo
241 2803 378 2864 teneat
400 2804 556 2875 centro,
587 2797 627 2862 in
659 2798 836 2879 partibus
859 2813 1010 2881 quoque
1038 2799 1142 2862 ints·

98 2899 258 2967 rioribus
281 2901 483 2986 reperitur.
530 2902 683 2973 Etenim
704 2899 745 2965 in
777 2901 960 2966 interiore
984 2902 1139 2968 collicu·

101 3000 216 3068 lorum
242 2997 460 3088 optinorum
482 3011 593 3090 parta
613 3001 704 3092 ”),
741 3004 784 3066 in
811 3003 938 3070 media
959 2999 1139 3072 cerebelli

101 3106 262 3172 medulla
283 3109 349 3195 a),
368 3109 409 3173 in
431 3114 562 3173 centro
575 3106 1061 3194 medullaeoblongataeb)
1074 3109 1139 3185 ,iri

102 3217 322 3295 corpusculis
335 3213 549 3282 olivaribus
561 3216 618 3299 c),
644 3213 761 3298 inque
776 3213 950 3278 cruribus
972 3217 1136 3295 cerebri,

100 3311 156 3378 ubi
174 3337 260 3384 eum
280 3317 398 3404 ponte
418 3319 563 3385 Varolii
587 3320 809 3403 confluunt,
843 3321 1058 3387 invenitur.
1090 3326 1136 3390 In

104 3421 240 3490 strictis
269 3424 422 3490 demum
457 3422 681 3508 corporibus
715 3429 837 3487 strata
869 3423 1020 3487 cinerea
1048 3445 1181 3501 cuma.

103 3523 370 3610 medullaribus
391 3525 510 3593 mista
531 3531 632 3592 sunt.
667 3525 847 3592 Abundat
863 3521 1028 3614 denique
1041 3531 1137 3594 haec

104 3625 216 3692 massa
235 3628 469 3716 praeprimis
496 3631 537 3695 in
560 3629 770 3705 cerebello,
814 3627 882 3693 ubi
902 3633 1024 3712 multo
1047 3655 1137 3716 pro-

106 3725 246 3800 fundius
265 3734 306 3800 in
328 3717 579 3800 medullarem
606 3754 644 3797 se
669 3731 853 3796 immittit
873 3735 1051 3798 nucleum
1073 3727 1135 3816 d).

105 3827 202 3912 Apud
214 3838 382 3903 infantes
393 3843 544 3902 teneros
561 3835 755 3918 meliorest
768 3835 940 3897 cinereae
953 3837 1136 3900 substan-
1166 3847 1172 3854 “
1217 3843 1223 3854 “

107 3933 175 4000 liae
194 3943 303 4026 copia
317 3961 330 4018 ,‘
360 3951 399 4008 et
426 3941 615 4010 differunt
637 3929 830 4007 corticellis
853 3931 1136 4006 etmedullaris
1181 4001 1185 4012 ,
1258 3975 1260 3978 -

107 4041 309 4108 messanae
333 4049 460 4108 aetate
479 4045 604 4110 minus
623 4064 645 4108 a
657 4043 874 4107 seinvicem
891 4089 901 4120 ,
925 4060 1010 4104 cum
1027 4041 1136 4121 prior
1179 4103 1183 4110 .

110 4133 152 4200 sit
166 4144 368 4223 pallidior,
390 4145 483 4210 haec
507 4168 599 4212 vero
616 4126 807 4244 *sauguine
829 4142 948 4242 ditior
970 4147 1008 4227 at
1028 4132 1137 4202 rubi·
1157 4199 1186 4230 -r

111 4243 284 4317 sardios*
308 4247 569 4338 Subsequente
591 4245 717 4318 aetate
739 4243 1135 4330 utraque'substantia
