2946 5000
256 345 361 421 270·
452 327 680 403 ·.1cs.ll.
708 329 965 430 claime
998 330 1133 406 srrrr.
1204 375 1206 380 ·
1332 387 1337 392 -

253 514 261 528 -
340 477 534 546 animttes
555 476 786 556 deducatur,
814 481 1073 554 tumultuaria
1094 479 1248 568 energia
1259 482 1305 552 id

339 583 423 648 illis
456 580 687 666 mitigatur,
716 581 941 666 incutiatis
972 591 1168 668 prostrata
1186 589 1304 674 erigi.

256 733 262 752 ,
341 691 426 762 tur,
450 685 515 750 vel
532 687 674 750 saltem
685 686 865 752 morbosa
876 685 1058 754 vitalium
1071 709 1306 776 organorum
1370 715 1384 732 ·

250 825 257 834 ·
340 788 488 855 reactic
500 789 682 876 inpactae
694 828 706 865 ‚
727 787 919 856 minorem
933 789 975 855 in
988 793 1215 860 oeconomia
1227 793 1309 862 eni·
1418 857 1422 866 .

268 974 271 980 ,
337 891 434 955 meli
451 890 929 977 significetumlrabentes‚
942 891 1168 962 declinetur.
1210 901 1308 966 Tol-

338 996 476 1059 lantur
494 985 586 1058 hinc
608 992 757 1059 dolores
776 995 974 1080 partium,
1007 1000 1154 1082 speami
1169 1007 1207 1066 et
1230 1000 1305 1066 hu·

338 1117 493 1163 morum
505 1096 653 1162 ,locales
670 1097 956 1180 congestiones,
973 1099 1134 1187 ipsaque
1144 1122 1308 1170 caenac-

339 1203 478 1270 athesis
500 1200 550 1267 ad
572 1202 790 1270 normalem
810 1202 1010 1269 reducitur
1028 1209 1189 1273 statum.
1315 1267 1320 1275 .

382 1349 426 1438 4)
451 1345 626 1433 Denique
646 1341 904 1428 sufferuntur,
936 1332 1164 1432 velsalt'em
1193 1355 1306 1421 miti-

338 1461 482 1543 gantur
504 1447 633 1520 morbi
654 1447 819 1533 diversi,
845 1449 1006 1516 nervosi·
1020 1455 1311 1540 praecipne'sy.

286 1647 290 1654 .
335 1553 514 1626 sternatis
537 1553 793 1632 adfectiones,
819 1556 1299 1650 permagnetis'mumani-
1364 1551 1369 1556 ’

319 1664 484 1732 ''malem
502 1683 572 1728 sua
594 1667 732 1746 sponte
761 1663 982 1740 evolutum,
1003 1663 1068 1727 vel
1086 1663 1308 1756 artificiosa,
1336 1688 1340 1696 ·

337 1767 647 1856 pertractatione
657 1757 887 1835 suscitatum
898 1812 909 1847 ,
928 1765 989 1848 id,
1011 1767 1112 1854 quod
1125 1769 1307 1837 innume.

337 1894 405 1941 rae
424 1875 617 1934 testantur
632 1869 803 1936 virorum
822 1871 907 1937 cell.
920 1866 1213 1968 ‘obseryatio'nes
1225 1876 1281 1962 ’).

338 2005 541 2084 Localit'nn
563 2020 694 2079 autam
715 2018 753 2079 et
769 1997 997 2098 specialium
1006 2012 1212 2094 effecturam
1226 2035 1307 2084 ma-

254 2119 440 2210 gnetismi
457 2117 640 2184 animalis
667 2115 830 2210 infinita
853 2122 910 2183 est
929 2120 1097 2184 varietas
1118 2125 1157 2184 et
1176 2119 1302 2204 copie.

253 2219 581 2312 Differuntxenim
592 2221 860 2306 phaenomena
869 2221 1083 2304 magnetica
1095 2237 1165 2305 pro
1183 2223 1307 2289 ratic·

178 2317 187 2326 ’
255 2347 306 2395 ne
328 2323 552 2392 individuae
573 2309 866 2389 constitutionis
878 2347 897 2400 ,Δ
929 2325 1096 2414 corporis
1126 2331 1163 2388 et
1183 2326 1307 2391 animi

227 2507 232 2514 ,
256 2432 384 2495 status
403 2424 668 2492 somnambuli
687 2424 808 2508 ipsius
827 2431 866 2491 at
885 2425 1072 2506 artificis;
1095 2425 1308 2510 pertracta-

255 2536 380 2600 tionis
402 2533 494 2598 dein
513 2529 666 2608 modus,
686 2536 724 2597 et
737 2531 846 2597 varia
857 2529 1092 2606 adminicula
1103 2571 1115 2607 ‚
1139 2527 1307 2615 quaein-

256 2637 407 2703 fluxum
431 2634 937 2718 habentncnreropenitus
949 2633 1219 2718 incognitum,
1238 2651 1307 2716 ap·

253 2740 472 2829 peritiores
494 2736 709 2804 differentes
720 2733 898 2802 reddunt.
944 2738 1157 2822 Maximum
1170 2723 1308 2802 'autem

254 2846 371 2932 ponit
393 2843 601 2909 discrimen
599 2839 861 2962 magneticae
873 2839 1111 2925 efficientiae
1124 2842 1309 2937 intensio,

259 2967 358 3035 quae
380 2963 447 3030 par
469 2923 609 3032 gradus
634 2946 787 3022 varios,
820 2945 909 3010 inde
931 2967 954 3009 a
975 2943 1172 3010 reactione
1190 2941 1309 3008 mini·

255 3063 336 3130 ma,
347 3069 391 3114 ιιι
411 3048 542 3115 oculos
562 3049 629 3115 vix
643 3047 859 3126 incidente,
877 3047 1182 3133 usquevigorem
1205 3064 1311 3110 sum·

163 3213 167 3225 .
252 3157 376 3233 mum,
398 3172 486 3218 cum
496 3141 738 3222 mrrabrlrbna
746 3138 1024 3240 phaenomena
1040 3153 1301 3236 conjunctum,

255 3254 520 3346 progreditur.

343 3403 590 3475 Advertimue
604 3411 757 3484 autem,
779 3401 1081 3490 magnetismum
1094 3361 1309 3468 animalem

261 3511 409 3574 certam
428 3506 612 3572 suscitare
633 3509 992 3594 phaenomenorum
1011 3507 1172 3582 seriem,
1192 3522 1310 3597 quam

260 3612 302 3676 in
326 3615 405 3674 tres
428 3609 625 3694 generales
648 3618 686 3674 et
706 3633 771 3675 sex
787 3611 974 3723 speciales
984 3609 1123 3694 gradus
1137 3602 1311 3674 dividere

71 3699 76 3708 ¹
168 3735 174 3748 ⁸
261 3711 405 3780 solent
414 3711 487 3796 ”).
516 3711 592 3776 cel.
611 3733 702 3777 vero
726 3713 774 3778 ab
795 3683 1092 3792 Escflltnmarltn
1114 3709 1311 3794 duplicem

261 3812 479 3901 generatim
506 3814 714 3880 constituit
743 3819 913 3880 statum.
945 3833 1178 3880 somnum
1217 3832 1315 3875 ma-

262 3918 521 4006 gneticurn
551 3925 589 3982 et
611 3916 863 3982 somnium
891 3911 1313 4000 m'agneticum.ld

266 4023 399 4082 autem
428 4018 648 4094 somnium,
686 4038 711 4082 a
744 4017 907 4082 somniis
924 4017 1133 4082 ‘consuetis
1159 4030 1316 4097 prorsus

266 4102 467 4197 a'lienum,
503 4125 668 4210 quatpor
692 4120 851 4192 exhibet
884 4120 1047 4204 gradus,
1080 4117 1146 4204 qui
1178 4112 1315 4180 ordine

258 4224 504 4310 progressive
514 4266 527 4305 ,
544 4223 698 4325 animae
710 4223 946 4292 facultatum
957 4221 1314 4312 gradibusrespcn·
