2898 4996
244 387 310 438 eso
505 366 593 432 Ins.
613 364 661 430 11.
689 367 783 431 car.
804 364 862 430 lv.
884 361 944 430 Ds
978 377 1113 430 sasso.

240 508 433 595 percipit,
455 508 644 574 suscitare
661 507 765 574 valet
777 529 827 604 ,νε
840 528 896 574 sn
907 529 923 572 s
934 526 1007 573 um
1017 551 1028 586 ,
1060 513 1100 572 et
1116 507 1287 590 compet·

241 617 368 680 lamus
382 615 637 681 conscientiae
650 603 807 680 nostrae
818 613 1099 692 mutationem,
1122 631 1189 695 per
1204 633 1290 678 sen·

238 739 330 782 sum
351 710 572 795 inductam,
596 716 938 784 sensationtrn
960 718 1020 782 vel
1042 719 1290 784 intuitio·

241 840 271 884 n
283 843 365 885 em.
407 821 544 887 Differt
555 828 689 888 tamen
704 820 936 888 sensatioab
949 821 1157 886 intuitione
1176 817 1292 910 ineo,

234 930 343 1014 quod
364 930 405 994 in
421 930 552 1013 priore
563 928 849 1015 animusmagis
860 930 1012 1011 passive
1024 949 1062 992 se
1078 926 1288 1008 habeat,et

240 1031 359 1096 active
387 1034 429 1096 in
449 1036 546 1098 hac:
580 1034 728 1124 atenim
748 1035 790 1100 in
813 1039 944 1099 nostra
965 1039 1160 1116 potestate
1184 1031 1291 1098 haud

243 1153 394 1218 semper
416 1143 495 1220 est,
531 1137 768 1220 consitiones
789 1137 1048 1221 supprimere,
1086 1134 1179 1205 dum
1204 1155 1292 1220 per·

241 1238 441 1321 captiones
456 1241 611 1304 animae
622 1239 885 1328 intentionem
902 1241 1084 1324 exigunt,
1110 1258 1185 1324 qua
1198 1257 1290 1302 avo·

242 1347 329 1406 cata
347 1341 409 1404 vel
433 1341 589 1425 penitus
607 1335 929 1426 supprimuntur,
952 1342 1015 1407 vel
1035 1342 1174 1406 saltem
1198 1341 1289 1406 irri·
1323 1345 1326 1352 '

242 1431 308 1504 tae
326 1440 553 1519 redduntur.
590 1441 706 1507 Aliud
727 1446 784 1508 est
800 1440 1028 1516 discrimen,
1047 1439 1147 1530 quod
1161 1461 1291 1506 sensa·

174 1531 179 1546 '
238 1544 301 1608 tio
324 1543 369 1608 de
386 1541 641 1610 relationibus
653 1545 900 1632 qualitativis
911 1565 979 1610 nos
994 1545 1167 1624 edoceat,
1191 1543 1292 1610 etad

215 1645 219 1656 “
242 1647 756 1732 tempusmagisreferatur3
780 1653 1018 1714 contravero
1029 1647 1190 1742 intuitio
1202 1668 1292 1733 spa·

239 1751 290 1816 tii
312 1752 441 1834 potius
464 1750 695 1858 testationes,
726 1751 872 1838 figuras
896 1759 936 1820 et
959 1752 1150 1838 imagines
1171 1755 1285 1822 nobis

242 1855 400 1919 referat.

326 1968 592 2064 Requiruntur
603 1986 734 2048 autem
746 1987 849 2048 certa
870 1979 1214 2058 adminicula,
1235 1979 1288 2044 si·

243 2071 298 2146 ne'
313 2083 451 2167 quibus
471 2105 602 2150 sensus
613 2083 779 2169 operari
795 2087 934 2191 nequit
943 2131 956 2168 ‚
988 2083 1098 2151 modo
1115 2085 1287 2151 breviter

245 2183 491 2269 attingenda.

369 2313 409 2398 ι)
426 2313 523 2376 Ante
535 2312 669 2377 omnia
677 2312 938 2377 necessarium
950 2318 1007 2377 est
1017 2312 1186 2378 liberum
1198 2313 1282 2379 ani-

327 2435 415 2481 mae
439 2433 527 2480 cum
555 2432 721 2502 corpor-e·
746 2413 1043 2492 commercium,
1082 2435 1146 2480 seu
1169 2415 1286 2482 debet
1317 2407 1319 2416 ’

327 2539 372 2582 ea
394 2516 563 2603 corporis
580 2517 642 2582 sui
663 2522 701 2580 et
722 2516 996 2595 omniumoeius
1007 2519 1182 2601 partium
1203 2537 1286 2584 esse

326 2619 493 2684 conscie.
536 2621 716 2684 Servatur
745 2637 838 2682 vero
859 2618 901 2681 id
922 2618 1076 2682 animae
1098 2637 1185 2682 cum
1208 2637 1290 2684 cor.

323 2741 420 2808 pore
437 2723 713 2788 commercium
735 2743 803 2804 per
824 2721 996 2788 debitam
1019 2720 1223 2806 encephali
1250 2731 1290 2788 et

324 2843 535 2889 nervorum
547 2824 948 2910 organisationemsac
960 2821 1130 2888 debitam
1139 2824 1287 2892 virium

326 2928 648 3000 informationem
659 2969 674 3000 ,
689 2933 822 3013 estque
835 2924 1141 3008 imperturbatus
1151 2946 1287 2992 nervo·

325 3050 414 3096 rum
435 3050 554 3095 nexus
576 3049 662 3094 cum
683 3028 839 3093 cerebro
862 3028 1110 3093 necessarius.

390 3158 434 3243 α’)
465 3157 593 3220 Animi
619 3155 788 3220 intentio
800 3197 813 3234 ,
841 3159 888 3218 ut
910 3154 1138 3220 intuitiones
1156 3153 1285 3220 locum

325 3259 500 3324 habeant
514 3303 525 3336 ,
548 3264 586 3323 et
606 3257 810 3324 restrictio
823 3255 865 3320 in
878 3263 1001 3321 certas
1015 3255 1284 3339 impressiones

324 3362 582 3446 (attentio)
594 3363 749 3428 omnino
763 3361 1025 3452 requiruntur.
1039 3361 1286 3429 Notumenim

168 3537 172 3550 ,
322 3473 381 3530 est
398 3506 409 3542 ,
429 3467 577 3548 objecta
595 3468 704 3532 varia
717 3487 848 3532 sensus
861 3473 1025 3543 nostros,
1045 3468 1137 3550 quin
1150 3469 1286 3552 advers

161 3561 164 3568 ’
275 3628 278 3639 ,
323 3571 476 3647 tamus,
498 3569 732 3651 praeterire,
752 3570 815 3633 vel
831 3568 968 3634 saltem
980 3567 1111 3634 irritas
1121 3587 1199 3630 esse
1211 3566 1286 3630 im·

324 3675 555 3756 pressiones,
578 3673 780 3739 sianimus
792 3672 913 3742 fuerit
927 3672 1144 3738 distractus.
1155 3669 1284 3737 Etiam
1330 3661 1333 3670 ’

266 3779 269 3786 ’
324 3774 585 3851 causationes,
609 3797 632 3840 a
654 3795 839 3860 corporeo
858 3795 970 3840 sensu
991 3781 1123 3853 ortae,
1152 3773 1284 3840 inten-

328 3875 371 3940 di
388 3895 500 3960 saepe
517 3884 681 3960 possunt
705 3885 745 3946 et
763 3879 887 3946 minui
912 3879 1043 3942 animo
1070 3882 1200 3942 nostro
1223 3875 1283 3955 iu·
1398 3881 1427 3928 ι’

325 3979 451 4047 bente.
566 4015 572 4036 ι

367 4109 404 4190 3)
434 4105 645 4170 Nervorum
667 4105 906 4172 sensibilitas
931 4111 968 4171 et
992 4105 1193 4190 encephali
1222 4104 1289 4170 vis'

325 4225 535 4302 congruum
555 4206 698 4282 babere
728 4207 869 4282 debent
897 4209 1071 4296 gradum.
1113 4211 1152 4296 §i
1175 4211 1282 4285 enirn
