2920 4998
582 362 642 430 Da
672 376 820 432 sonno.
1168 384 1231 452 539
1296 409 1299 422 .

272 509 318 597 4)
350 504 568 574 Conciliant
600 526 780 591 somnum
816 506 1006 574 desideria
1030 516 1162 578 nostra
1195 521 1235 580 et

194 613 390 696 appetitus
424 609 615 676 exstincti.
661 611 753 689 llla,
789 629 886 696 ques
920 611 1095 680 animum
1128 617 1235 700 prius

193 717 482 794 sollicitarunt,
521 721 559 778 et
587 715 689 778 vires
719 713 922 778 sensiferos
954 716 1238 799 exhauserunt,

195 819 309 886 modo
330 817 378 882 ed
409 815 607 903 placidum
642 801 815 878 invitant
841 836 1033 882 somnum.
1075 819 1167 883 cibo
1199 809 1239 884 et

192 930 290 1008 potu
311 924 521 998 adsumtis,
543 941 673 986 sensus
695 921 811 984 famis
830 927 869 986 et
887 922 972 986 sitis
990 920 1168 1002 tollitur,
1187 924 1238 988 si·

196 1029 353 1112 mulque
375 1025 532 1111 energia
552 1023 687 1088 vitalis
708 1043 730 1084 a
764 1023 869 1086 vitae
890 1021 1099 1088 sensifer-ae
1126 1043 1238 1108 orga-

194 1134 308 1216 ganis
346 1132 394 1196 ad
428 1147 572 1214 organa
599 1125 788 1210 digestiva
818 1133 1022 1192 revocatur
1050 1129 1108 1214 (§..
1125 1129 1238 1214 sap).

196 1237 300 1304 Male
324 1239 453 1298 autem
490 1234 708 1300 Moscscm
746 1231 1049 1295 somnolentiam
1069 1250 1100 1304 ¹a
1126 1239 1240 1313 pastu

70 1339 73 1346 '
200 1340 400 1424 exposuit,
426 1356 510 1400 cum
532 1336 705 1417 doceret,
739 1335 999 1400 ventriculum
1028 1333 1239 1402 distentum

186 1449 348 1515 ¹cortem
370 1449 438 1508 aut
460 1461 588 1506 ramos
608 1439 688 1502 eius
708 1440 984 1521 comprimere,
1008 1438 1156 1526 hacque
1178 1461 1241 1504 ra.

195 1551 303 1616 tione
325 1546 555 1630 sanguinem
576 1543 795 1626 apartibus
816 1543 1066 1610 inferioribus
1098 1545 1241 1623 arceri,
1302 1599 1309 1612 .

196 1659 234 1718 et
265 1653 306 1716 in
330 1654 445 1731 caput
469 1646 596 1710 nimia
614 1647 655 1708 vi
674 1647 767 1708 ferri
787 1646 839 1728 a).
873 1646 1026 1712 Etenim
1053 1649 1239 1733 impletus

196 1755 421 1820 stomachus
437 1761 656 1816 antrorsum
683 1748 810 1832 potius
826 1749 1020 1830 prominet
1045 1745 1090 1833 (§.
1114 1757 1238 1839 ενι),
1290 1819 1292 1826 ,

200 1862 239 1920 et
291 1853 490 1924 dormiunt
526 1853 732 1940 pleraeque
774 1849 920 1913 bestiae
948 1855 1034 1934 post
1063 1857 1240 1932 pastum,

196 1955 266 2022 ubi
297 1961 430 2024 tamen
467 1955 706 2044 ventriculus
743 1955 893 2017 nullam
929 1955 1164 2038 pressionem
1197 1955 1240 2024 in

197 2064 348 2122 aortam
380 2078 530 2125 exerere
562 2062 701 2140 potest.
744 2059 774 2120 A
799 2055 945 2120 veneris
974 2056 1154 2121 exercitio
1184 2079 1242 2122 so·

195 2181 311 2224 mnus
332 2160 778 2244 inducitur,partim‘ob
801 2157 1029 2224 exsatiatam
1063 2163 1243 2246 volupta-

192 2269 272 2330 tem
288 2307 298 2345 ,
321 2269 358 2326 et
381 2263 532 2332 stimuli
552 2261 837 2336 sublationem,
850 2263 993 2344 partim
1006 2281 1096 2326 vero
1117 2261 1165 2325 ob
1179 2263 1243 2325 de-

175 2368 430 2444 'hilitatam,
473 2384 571 2450 quae
610 2385 677 2450 per
727 2364 767 2428 id
807 2364 1030 2430 exercitium
1078 2385 1240 2438 nervoso

196 2471 429 2556 praeprimis
446 2470 648 2560 systemati
673 2467 889 2538 adducitur.

251 2603 260 2620 *
280 2613 324 2697 5)
348 2612 992 2682 lucitameotorumconsuetorum
1022 2611 1235 2680 deminutio

195 2717 258 2782 vel
284 2717 483 2794 absentia,
508 2737 641 2782 eorum
666 2717 897 2803 praecipue,
931 2705 1030 2803 quea
1058 2719 1102 2784 in
1130 2739 1232 2782 cere·

196 2824 324 2895 brales
366 2843 503 2888 nervos
540 2807 1015 2907 egunt,'somnolentiam
1046 2827 1239 2900 adferunt.

197 2928 399 2994 Pertinent
418 2927 493 2998 huc
511 2928 711 3013 tenebrae,
736 2929 878 3012 frigus,
902 2931 1078 2996 absentia
1098 2931 1238 3012 strepi-

195 3037 259 3096 tus
284 3030 482 3107 consueti,
505 3035 544 3093 at
561 3029 743 3096 solitudo.
776 3033 907 3118 Simili
932 3032 1086 3098 ratione
1118 3039 1239 3114 agunt

196 3136 542 3218 haemorrhagiae,
565 3137 669 3217 alvi,
693 3139 830 3202 urinae
848 3144 886 3202 et
907 3140 1074 3204 aliorum
1100 3139 1241 3202 humo·

198 3261 284 3312 rum
311 3240 458 3305 nimiae
472 3239 742 3306 evacuationes
754 3285 766 3324 ,
785 3241 1044 3330 atqueiusdia
1064 3241 1164 3321 iusto
1184 3241 1242 3306 di·

121 3429 122 3436 ἵ
196 3349 301 3412 utius
323 3351 533 3430 protracta.
956 3371 957 3378 κ

280 3493 322 3578 6)
342 3491 469 3556 Nimis
487 3488 732 3555 stimulorum
762 3463 962 3574 potentia,
1000 3511 1075 3578 qua
1103 3492 1240 3558 vitali·

196 3600 257 3658 tae
305 3594 609 3676 pessumdatur,
651 3613 829 3660 somnum
889 3614 1041 3682 quoque
1099 3597 1239 3661 adfert.

198 3697 264 3762 Est
283 3703 413 3760 autem
442 3696 614 3762 maxima
641 3698 986 3772 incitamentorum
1019 3699 1240 3780 fugacium,
1348 3727 1351 3734 Δ

199 3817 337 3862 nervos
353 3799 543 3864 velociter
563 3801 831 3868 adficientium
860 3802 920 3866 vis
933 3841 944 3878 ‚
966 3805 1011 3865 ut
1037 3801 1083 3865 de
1113 3802 1241 3868 calora

197 3898 349 3978 nimio,
372 3900 418 3966 de
452 3902 726 3982 electricitate‚
759 3904 877 3991 deque
906 3905 1125 3986 magnetica
1145 3905 1241 3969 ‘effi-

196 4002 341 4067 cientia
365 4008 540 4081 constat,
565 4011 603 4069 et
624 4007 822 4088 pertinent
840 4007 914 4074 huc
935 4007 1167 4092 praeprimis
1180 4029 1239 4084 aa,

154 4195 158 4202 Ι
191 4110 293 4194 'quae
313 4107 508 4192 principio
519 4110 799 4183 inflammabili
823 4113 1240 4206 abundantmpirituo·

194 4233 259 4300 sa,
280 4213 486 4304 aetherea,
508 4219 721 4298 narcotica.
781 4281 784 4288 ,
