2920 4998
384 363 497 468 sacr.
525 359 567 430 V.
590 361 649 427 D!
673 373 856 432 obsecro.
1109 385 1177 454 ⁴77.

130 499 178 568 iis'
210 497 480 568 adscendentis
509 502 739 579 cohaerens,
774 521 867 587 'cum
890 504 1044 574 narium
1069 515 1177 580 cavis
1277 559 1282 566 .

129 621 221 670 vero
251 595 476 670 nullatenus
508 607 806 691 communicans.
861 607 1012 675 Praeter
1044 633 1175 684 ramo·

131 711 263 796 quinti
275 711 376 796 paris
393 711 434 774 in
456 709 516 773 bis
526 709 729 777 canalibus
749 713 1069 782 etcavienarium
1089 720 1176 786 nul.

130 817 163 880 ii
184 817 431 900 reperiuntur
451 812 562 880 nervi
578 815 635 900 e).
720 813 724 826 “
826 893 830 900 ἡ

215 961 338 1022 Aves
368 934 495 1020 t'ribus
523 955 708 1041 utrinque
731 952 888 1019 conchis
909 953 1184 1041 instruuntur,

92 1119 97 1132 .
131 1073 231 1146 quae
249 1059 596 1154 structura'suatin
616 1061 814 1144 speciebus
832 1061 953 1126 variis
973 1057 1181 1145 differunt,

130 1165 287 1254 jamque
310 1165 649 1238 membranaceae,
680 1159 758 1240 iam
784 1179 943 1226 corneae
966 1169 1177 1231 autosseas

130 1266 376 1352 reperiuntur
396 1267 444 1349 f).
470 1251 742 1330 Destituuritur
762 1263 947 1341 sinubus,
970 1266 1094 1330 caveis
1118 1288 1178 1333 os.

131 1360 235 1438 sitim
256 1369 395 1454 capitis
416 1389 502 1442 cum
526 1369 709 1452 tympani
740 1387 833 1432 cavo
858 1370 1180 1435 communicanti-

131 1479 204 1542 bus
235 1475 443 1562 (§.523·)·
487 1469 714 1537 Membrana
743 1486 920 1546 mucosa,
960 1473 1196 1538 utScsarn'

132 1577 345 1666 comperit,
378 1573 419 1638 in
443 1573 589 1638 concha
611 1569 738 1635 media
760 1579 819 1636 est
838 1569 1005 1638 ‘crassior
1016 1615 1029 1652 ,
1065 1595 1177 1639 vaso·

130 1701 217 1748 rum
239 1674 428 1762 peculiari
450 1677 524 1738 reti
548 1674 757 1755 instructa,
787 1679 825 1738 et
848 1672 1003 1760 copioso
1027 1676 1211 1762 liquido&

130 1785 369 1850 humectata.
413 1777 556 1850 Nervus
580 1775 805 1840 olfactorius
826 1761 1025 1842 cerebrum
1037 1779 1085 1846 ad
1109 1801 1179 1844 an.

131 1886 310 1954 terionem
331 1879 612 1964 hemisphaerii
633 1879 844 1943 terminum
870 1877 1042 1964 primum
1069 1885 1176 1950 dese·

11 2032 15 2043 ·
130 1991 203 2070 aiu
227 1984 827 2065 transitcanalem,diversaein
842 1987 963 2054 variis
984 1987 1177 2072 speciebus
1220 2033 1226 2039 -

137 2092 423 2179 longitudinis,
447 2099 485 2156 et
497 2087 685 2156 dividitur
706 2089 756 2153 ad
773 2087 944 2154 radicem
965 2087 1049 2154 nasi
1069 2091 1110 2156 in
1130 2091 1178 2155 fi·

132 2197 306 2264 lamenta
327 2195 500 2278 piurima
514 2236 526 2268 ,
550 2209 646 2276 quea
667 2194 707 2256 in
731 2189 866 2256 tunica
892 2183 1050 2257 mucosa
1075 2194 1178 2278 septi
1237 2203 1263 2228 ··

129 2294 348 2368 nariuin‘et
371 2295 541 2388 conchae
562 2287 773 2378 superioris
797 2290 1081 2388 disperguntur.
1120 2291 1179 2362 Ad
1296 2363 1308 2388 χ

133 2403 324 2469 concham
354 2401 481 2462 autem
503 2391 668 2460 mediam
701 2399 740 2458 et
761 2383 938 2458 infimam
960 2398 1069 2460 nervi
1089 2402 1187 2462 tana·
1214 2415 1218 2426 *

127 2515 216 2575 tum
235 2487 424 2592 adcedlunt
438 2495 566 2588 quinti
588 2495 710 2584 paris,
741 2494 1027 2566 undaolractus
1054 2521 1096 2566 eo
1121 2511 1178 2568 est
1236 2569 1240 2576 ,

128 2608 304 2696 sagacior
324 2603 365 2672 in
385 2604 541 2680 avibus,
557 2622 649 2692 aquo
673 2601 819 2667 concha
832 2603 1007 2688 superior
1018 2611 1075 2672 est
1093 2603 1197 2670 mas

127 2719 190 2806 jor
211 2717 264 2802 g).
307 2713 455 2779 Desunt
481 2705 728 2793 cartilagines
759 2707 922 2772 mobiles
955 2713 1204 2776 etmusculi.
1230 2747 1232 2754 o

127 2819 220 2886 nasi
239 2815 414 2892 externi,
453 2817 619 2897 suntque
653 2809 847 2875 foramina
877 2812 1031 2876 narium
1056 2815 1178 2899 cutis,

127 2930 299 2992 rostrum
316 2919 535 3000 vestientis,
556 2916 809 3004 productione
820 2916 986 2984 munita.
1094 2941 1096 2948 ·

164 3135 173 3145 .
214 3075 259 3140 In
289 3063 583 3152 reptilibus
605 3061 841 3128 concharum
860 3062 944 3126 loco
964 3043 1176 3146 plicaead·
1226 3081 1229 3086 “

130 3182 224 3247 sunt
253 3172 596 3262 membranaceae,
639 3167 776 3233 tunica
802 3180 962 3254 mucosa
989 3169 1176 3249 vestitae,

130 3293 438 3370 quaternionum
455 3279 642 3372 atrorum
662 3267 883 3350 'retinaculo
917 3276 1176 3355 perreptatur,
1202 3287 1207 3294 ·

36 3443 39 3450 .
130 3385 274 3452 Nervus
292 3378 515 3450 olfactorius
536 3371 701 3458 incepto
709 3372 902 3453 narium,
923 3375 1042 3461 inque
1058 3378 1179 3464 plica,

85 3487 88 3498 '
131 3509 352 3573 supremam
365 3483 551 3555 concham
565 3480 801 3556 aemulante,
825 3477 1086 3548 distribuitur.
1105 3485 1179 3546 Na·

132 3613 198 3661 eus
226 3599 401 3661 externus
421 3591 532 3658 fibris
555 3581 1180 3674 muscularibusinstruitur,qui·
1204 3647 1207 3654 ,

132 3693 205 3760 bus
237 3677 614 3786 ⁸foraminanarium
644 3687 786 3773 stringi
813 3694 851 3752 et
885 3684 1069 3773 ampliari
1088 3707 1180 3776 pos·

132 3800 226 3868 aunt
246 3795 311 3886 h).
355 3797 399 3859 In
426 3791 663 3878 piscibus
685 3779 963 3876 plicaaadsunt
984 3792 1181 3856 mambra·-

133 3883 277 3963 na'ceae
304 3914 528 3962 numerosae
557 3903 596 3958 et
627 3895 844 3978 regulares,
880 3885 1033 3959 narium
1055 3891 1182 3958 anfra·
1281 3969 1284 3976 Ι

133 4007 216 4066 ctus
245 3997 476 4082 formantes,
512 3992 646 4062 tunica
685 3996 810 4080 simili
834 3993 1026 4074 nestitae,
1062 4004 1108 4064 ut
1137 3996 1181 4064 in
1276 4001 1277 4006 ’

134 4099 343 4187 reptilibus
356 4107 434 4179 eat,
455 4096 518 4164 vel
542 4094 716 4172 rebella,
740 4083 899 4180 papillis
913 4096 1188 4180 peculiaribus,

131 4209 323 4276 viscidum
344 4223 501 4276 naucum
524 4199 821 4281 secerneutibus,
846 4201 1050 4274 instructa.
1096 4199 1188 4270 Ner·
1271 4197 1273 4202 ’
