2946 5000
236 369 347 436 surr.
371 364 436 436 111.
458 369 518 434 Du
545 380 653 433 viss.
678 362 708 434 1'.
732 373 893 434 ossius
916 379 1048 438 visus.
1131 377 1195 452 aar
1233 321 1236 328 Δ

148 505 278 576 terum
302 506 409 574 adest
426 507 567 576 humor
591 513 738 596 aqueus
766 509 808 574 in
836 528 988 572 camere
1006 512 1210 595 utraque?
1239 525 1242 536 ·

147 615 194 675 ut
205 613 266 678 vir
282 609 386 678 idem
400 617 534 678 contra
554 615 751 698 Enwpuus
765 611 878 677 docet
891 609 940 690 1).
952 611 1119 677 Credunt
1129 631 1200 696 pu-

144 701 325 796 pillarem
339 717 439 781 liano
452 710 722 782 membranam
746 733 832 780 eam
854 713 1193 792 habereldestina·
1263 721 1266 728 '

143 817 323 899 tionem,
361 823 406 883 ut
428 819 643 905 impediat,
675 839 722 884 ne
744 815 814 883 iris
838 818 907 882 sub
939 818 1056 884 celari
1082 819 1197 886 bulbi

101 1008 104 1016 Ι
145 921 366 990 evolutione
379 923 615 1001 retrahatur,
640 943 823 1011 eamque,
846 923 970 987 libere
994 944 1107 1006 secus,
1122 926 1196 989 tiu-

146 1019 368 1104 otitantem,
390 1026 535 1103 firmet,
558 1035 601 1093 ut
621 1029 786 1094 formari
805 1026 934 1092 debite
948 1031 1081 1113 possit.
1104 1029 1197 1115 opi-

149 1131 267 1194 nione
303 1137 433 1196 sutem
457 1129 738 1197 Heldiana·iris
759 1129 889 1214 prima
910 1131 1016 1196 vitas
1037 1131 1194 1222 periodo

145 1232 311 1316 amplior
332 1240 401 1310 est,
414 1232 607 1321 siquidem
621 1233 773 1317 copiosa
795 1233 976 1298 materies
1000 1253 1070 1316 pro
1083 1232 1194 1320 orga.

80 1401 87 1413 ,
146 1333 321 1410 nisandis
345 1323 880 1413 vasis'etnsrvisadduoatur,
904 1357 948 1401 ac
971 1337 1057 1403 ideo
1079 1341 1199 1406 etiam

147 1438 321 1504 clausam
344 1462 424 1516 esse
446 1427 663 1507 arbitratur
686 1461 770 1505 eam
788 1442 976 1538 tunicam.
1018 1441 1199 1506 Ubivass

90 1558 95 1566 ’
147 1538 196 1604 ed
212 1541 321 1608 iridis
336 1549 516 1609 ,centrum
531 1543 772 1612 excurrentia
790 1540 964 1608 firmiora
982 1548 1072 1610 sunt
1085 1548 1198 1609 stco·
1263 1591 1266 1596 -
1388 1625 1391 1636 y

145 1640 267 1724 piosa,
280 1646 510 1710 membrana
523 1645 731 1728 pupillaris
744 1661 877 1727 parem
890 1643 1201 1728 arcipitfirmits,

147 1749 228 1810 tem
249 1764 336 1826 sum
358 1745 481 1830 irids;
503 1753 542 1814 et
562 1752 647 1812 tum
665 1747 791 1862 foetu?
813 1747 959 1836 absque
970 1751 1116 1833 pupula
1127 1767 1197 1813 ns·

151 1852 336 1914 dcuflturs'

232 2012 565 2077 irritabilem
599 2031 678 2092 esse
712 2008 852 2076 iridem
877 2009 1086 2086 haetenus,
1116 2017 1199 2080 uta

149 2116 233 2178 lnce
252 2115 383 2180 valida
408 2114 528 2179 latior
549 2114 643 2188 fiet,
667 2119 705 2178 et
726 2114 872 2198 pupula
888 2121 1059 2180 arctetur
1071 2159 1082 2193 ,
1108 2135 1206 2180 rou·¹

149 2217 316 2284 trarium
336 2239 427 2282 vero
451 2216 653 2300 contingat
679 2217 892 2282 intensiore
922 2217 1019 2283 lucis
1048 2218 1196 2282 influxu
1288 2239 1294 2254 ,

149 2307 414 2399 evanescende,
444 2319 523 2402 jam
555 2315 728 2404 antiquis
751 2325 888 2383 notum
918 2311 1222 2385 erastnaturae‘

34 2479 39 2488 ,
147 2417 1197 2506 scrutatoribusm).constatobservationibus,iridem

64 2547 67 2554 ’
130 2524 232 2609 'ja'm
257 2521 554 2587 inrscensnatis
584 2517 1198 2603 mobileines503iniunioribus
1242 2549 1244 2556 ⁴
1294 2505 1299 2512 ’

149 2621 1196 2707 sutem'iudividuisgeneratimvividioreiustunicas
1258 2663 1260 2673 ·
1314 2679 1321 2690 .

150 2715 365 2793 advertitur
393 2725 645 2794 irritabilitas
675 2743 790 2810 quam
810 2725 853 2790 in
875 2725 1043 2791 sonibus.
1080 2728 1196 2792 'Cete-

148 2852 237 2896 rum
259 2827 453 2897 minuitur
474 2828 717 2906 contractilis
743 2827 838 2892 haec
856 2827 916 2892 vis
932 2847 999 2912 per
1019 2827 1197 2895 humoris
1258 2891 1261 2908 Ι

56 2949 66 2956 ·
149 2933 287 3020 aquosi
309 2937 346 2995 et
366 2929 485 3014 lentis
500 2929 831 3020 obscurationem,
855 2930 1068 2996 attollitur
1086 2931 1196 3014 peni-

148 3043 210 3102 tus
229 3035 429 3100 oculorum
445 3032 582 3098 nervis
596 3034 775 3099 resolutis
790 3075 802 3109 ‚
834 3038 880 3097 ut
891 3034 983 3098 adeo
998 3035 1039 3098 in
1063 3054 1196 3116 arnau-

149 3140 228 3212 rosi
249 3133 620 3222 perlectspupillam
630 3155 787 3220 prorsus
804 3136 1046 3202 immobilem
1059 3136 1196 3203 adver·

149 3250 290 3310 tamus.
334 3241 475 3332 Omnes
498 3247 697 3326 praeterea
717 3261 873 3316 causae,
903 3263 999 3330 quas
1022 3247 1195 3328 systema

81 3399 88 3410 .
147 3347 332 3416 nervuum
364 3349 519 3433 energia
549 3347 754 3424 minuunt,
797 3348 938 3414 iridem
959 3350 1196 3416 relaxantst

23 3439 35 3462 '
146 3451 341 3537 pupillam
361 3449 520 3516 dilatari
537 3450 713 3534 faciunt,
735 3455 779 3516 ut
798 3451 839 3517 in
856 3471 1044 3537 syncope,
1067 3454 1107 3520 in
1127 3476 1193 3522 so·

151 3572 245 3636 pore
264 3543 529 3636 apoplectico,
559 3552 600 3626 in
613 3552 922 3642 hydrocephslo,
941 3555 983 3620 in
998 3556 1197 3621 moribun-

150 3653 231 3736 dis,
252 3654 367 3740 inque
380 3656 543 3742 mortuis
557 3700 569 3733 ,
590 3657 878 3738 submersorum
889 3656 1121 3743 praeprimis
1135 3679 1195 3722 ce·

149 3753 364 3829 daveribus,
390 3757 595 3824 cernimus.
640 3758 845 3823 Narcotica
878 3756 1058 3836 demum,
1096 3760 1196 3847 hyo‘·
1260 3790 1267 3818 ι

151 3878 340 3944 soyamus,
363 3861 634 3937 stremonium,
657 3861 892 3927 belladonna
906 3868 975 3927 eto.
988 3903 999 3940 ,
1022 3861 1197 3954 irritabi·
1253 3932 1256 3940 ¹

151 3965 306 4030 litatem
341 3962 622 4046 deprimentia,
655 3965 765 4069 inltus
792 3963 991 4044 adsumta,
1026 3963 1090 4026 vel
1118 3951 1230 4048 ipsi'.

54 4095 56 4100 ·
152 4072 263 4138 oculo
287 4070 465 4150 admota,
490 4067 630 4134 iridem
653 4069 810 4152 laxant,
831 4075 870 4148 et
881 4067 1050 4133 dilatant
1067 4067 1196 4150 pupil-

93 4205 109 4256 ,·,
153 4173 246 4263 lum.
265 4174 345 4244 :Ad
368 4179 555 4264 quantum
573 4177 703 4278 autern
724 4171 894 4258 spatium
904 4169 1083 4260 pupilla,
1105 4169 1195 4242 inda
1219 4189 1228 4226 ·.
1346 4166 1352 4180 ’
