2898 4996
270 397 330 480 196
372 395 460 466 Etr.
478 393 523 462 ΙΙ.
544 397 636 462 One.
658 391 789 462 utun
809 407 976 460 suernu.
1000 407 1124 460 nunu.
1146 405 1283 460 rencs.

264 541 358 604 ecrit
377 541 502 610 viscus
527 539 548 621 (
559 548 590 616 §.
612 538 728 622 458.)
756 541 977 621 energiam,
1009 518 1159 606 credere
1185 547 1321 606 tamen

265 663 345 708 non
367 663 521 726 possum
531 637 598 722 us,
622 648 748 706 certas
774 642 929 706 animae
948 627 1169 708 functiones
1201 651 1239 708 et
1259 665 1326 709 cu-

268 743 456 827 piditates
513 743 581 828 pe'r
601 750 729 818 ¹certas
753 744 943 807 duntaxat
965 745 1169 827 encephali
1193 753 1331 830 partes

272 845 466 911 suscitari.
477 847 663 914 Fibrillae
675 847 776 912 euim
787 847 1033 928 medullam,
1047 848 1217 935 undique
1232 870 1327 915 con-

265 971 384 1017 nexae
406 955 420 1032 (
431 955 478 1028 §t
491 959 565 1028 448.
582 965 660 1034 449.
675 952 696 1038 )
706 993 718 1026 ,
746 972 789 1014 ac
810 953 852 1016 iu
873 971 992 1014 unum
1015 951 1242 1030 conjunctae
1255 973 1318 1017 or-

263 1071 414 1138 ganon,
438 1051 570 1119 vitalis
592 1077 635 1120 ac
655 1056 861 1139 psychicae
881 1051 1117 1151 efficientiae
1128 1100 1141 1132 ‚
1165 1055 1214 1120 ad
1235 1057 1317 1122 cai·

262 1166 323 1224 tas
343 1165 471 1242 partes
490 1160 733 1233 restrictam,
756 1158 860 1222 haud
881 1156 1097 1222 admittunt
1120 1159 1315 1240 operatio-

217 1329 218 1334 ,
262 1279 367 1329 nem.
414 1269 613 1348 Repugnat
631 1263 722 1330 huic
741 1263 893 1326 adserto
917 1263 1345 1347 etobservatiosupes

263 1373 346 1434 rius
365 1368 560 1453 adducta(
577 1351 695 1446 Μόό.
711 1371 758 1456 ),
783 1387 856 1453 qua
868 1371 1037 1440 constat,
1060 1369 1315 1433 somnembu·

173 1481 178 1502 “
262 1471 321 1534 los
333 1516 343 1548 ‚
368 1471 439 1534 ubi
459 1469 561 1536 iners
581 1473 662 1537 fere
682 1478 738 1537 est
752 1471 977 1549 cerebrum,
998 1469 1168 1535 exaltata
1187 1477 1314 1557 syste-

262 1579 380 1658 matis
405 1580 651 1662 gangliorum
682 1576 856 1662 energia,
890 1573 1059 1658 insigues
1087 1595 1200 1660 saepe
1218 1597 1312 1662 prn-

265 1684 351 1748 dere
374 1682 527 1746 animae
554 1683 770 1744 facultates.
848 1667 851 1674 ¹

327 1843 378 1924 a)
396 1839 504 1904 Licet
522 1837 692 1904 fibrillae
715 1839 946 1904 medullaras
965 1841 1008 1906 in
1029 1861 1183 1906 omnem
1201 1863 1304 1908 cere·
1341 1855 1367 1874 “

151 2011 158 2030 ‚
213 2011 215 2018 ,
265 1946 328 2013 hri
351 1944 543 2021 ambitum
575 1952 805 2022 excurrant,
838 1953 876 2011 et
907 1947 1082 2012 lamellas
1114 1944 1310 2030 forment}

264 2047 404 2134 quibus
424 2033 512 2132 g'yri
531 2053 815 2132 componuntur
834 2049 853 2133 (
865 2055 893 2126 §-
912 2061 987 2130 452.
1007 2070 1044 2112 n.
1060 2051 1138 2132 L),
1163 2069 1313 2134 organa
1355 2115 1366 2132 ‚

263 2155 420 2225 tamen,
452 2170 548 2235 quae
567 2152 777 2234 praecipua
795 2151 928 2215 ferunt
947 2170 1131 2228 munera,
1157 2152 1197 2218 in
1222 2173 1312 2220 cen-

262 2261 326 2321 tro
345 2261 383 2319 et
405 2254 490 2321 basi
521 2256 724 2340 cncephali
751 2257 943 2331 existunt,
973 2275 1044 2319 nec
1067 2254 1159 2318 adeo
1185 2256 1225 2321 in
1248 2278 1314 2324 su·

117 2347 118 2354 ¹
236 2371 239 2380 ’
261 2361 420 2448 perficio
441 2359 589 2428 cerebri
602 2361 777 2428 ‘eminere
789 2365 962 2446 possunt.
1008 2363 1215 2444 Refutatur
1238 2387 1308 2430 au·

260 2474 341 2532 tem
364 2471 608 2532 externarum
630 2468 801 2548 partium
823 2465 1011 2556 nobilitas
1031 2487 1099 2551 per
1122 2467 1309 2535 adductas

259 2568 421 2656 (5.464.)
438 2569 742 2647 observationes,
763 2569 901 2654 quibua
921 2568 1112 2654 innotuit„
1132 2572 1305 2657 insignes

259 2671 442 2756 gyr'orum
464 2672 663 2757 portiones
685 2673 937 2756 perdi'posse,
961 2675 1045 2740 sine
1059 2675 1165 2741 omni
1189 2676 1305 2762 plana

258 2776 489 2844 facultatum
507 2779 662 2854 animae
686 2783 725 2844 et
744 2775 1005 2863 cupiditatum
1024 2780 1206 2847 laesione.

341 2947 542 3032 3)Ve1·um
564 2941 721 3040 quidem
741 2949 821 3023 est,
842 2941 1072 3011 intensiores
1091 2951 1130 3009 ot
1149 2953 1303 3031 protra·
1406 2977 1412 2986 ·

255 3056 336 3116 ctos
357 3050 499 3114 mentis
525 3047 673 3113 labores
694 3046 989 3131 defatigationis
1007 3049 1195 3116 suscitare
1215 3071 1302 3116 sen-

255 3171 340 3220 sum
355 3193 367 3230 ,
388 3145 566 3237 huncque
577 3151 751 3227 sufferri,
774 3156 813 3216 et
822 3151 1037 3218 refocillari
1052 3151 1179 3231 vires,
1205 3154 1237 3219 si
1250 3152 1301 3218 acl

179 3255 183 3262 ‘
258 3253 379 3322 aliam
409 3254 601 3320 transitur
629 3244 945 3339 occupationem
980 3251 1142 3326 minime
1170 3263 1302 3324 autem

150 3431 153 3438 ,
251 3356 347 3426 hinc
368 3350 561 3443 sequitur,
584 3359 688 3424 calta
710 3381 787 3425 csse
807 3375 972 3445 organa,
1004 3358 1142 3444 quibua
1162 3358 1299 3427 anima

254 3477 325 3544 pro
340 3459 451 3525 certia
463 3466 597 3527 utatur
608 3463 909 3544 operationibus,
927 3463 1117 3548 siquidem
1127 3463 1167 3527 id
1177 3464 1300 3548 phae-

38 3563 43 3582 '
139 3601 147 3613 ι
254 3583 448 3630 nomauon
470 3586 489 3629 a
511 3565 760 3632 stimulorum
778 3563 1054 3642 ,vicissitudine
1077 3575 1115 3633 et
1143 3568 1297 3650 legibus

251 3667 427 3754 superius
453 3666 628 3735 deductis
652 3669 715 3752 (l.
735 3687 790 3755 73.
809 3691 847 3741 n.
868 3669 1065 3761 Illa-V.)
1089 3667 1294 3756 exponiei·

249 3791 308 3856 ne,
320 3771 477 3861 negotio
496 3778 628 3858 possit.
792 3773 793 3778 ’
1057 3793 1064 3804 ’
1120 3828 1125 3836 ,

279 3993 285 4002 .
333 3937 392 4024 a)
417 3935 456 4000 Si
477 3949 618 4019 organa
643 3933 796 4018 singula
822 3937 1065 4005 materialem
1091 3941 1297 4008 continent

250 4035 541 4114 conditionem,
567 4053 644 4120 qua
662 4038 801 4102 mentis
821 4039 1049 4121 facultates,
1073 4043 1197 4110 animi
1214 4044 1295 4111 vir-

250 4147 356 4224 tutes
376 4145 444 4204 aut
467 4138 568 4203 vitia
592 4136 876 4225 producuntur,
913 4145 1066 4212 animae
1095 4147 1295 4214 humanae

248 4243 410 4312 libertas
429 4241 699 4314 labefactatur.
743 4245 886 4316 Volunt
912 4247 1068 4340 quidem
1093 4249 1295 4319 doctrinae
