2904 5002
269 417 378 483 seor.
400 411 458 480 lv.
476 411 535 478 Du
557 423 714 483 eunrru.
734 409 780 480 11.
801 423 934 484 sonus.
968 377 970 393 ι
1105 423 1170 502 443

206 557 244 650 ι)
267 546 410 646 Corpus
425 558 596 641 elicitam
620 577 664 622 eo
684 557 887 624 fortiorem
901 557 1012 642 ponit
1022 557 1171 630 virium
1198 627 1202 639 ,

116 667 366 746 conflictum,
397 661 686 752 quantomagis
707 663 982 748 compressioni
1002 665 1171 749 resistit,

117 777 267 860 quanto
288 769 411 856 magis
432 769 635 848 cohaeret,
658 773 696 832 et
712 768 954 852 quantoplus
970 767 1173 835 elasticum

118 885 191 942 est.
237 873 400 940 Meileus
426 871 533 952 hine,
557 871 693 955 siigno
707 869 897 937 molliant
907 871 1069 958 plumbo
1082 891 1174 939 cou-
1254 879 1260 891 “

117 979 269 1058 fectus,
293 978 452 1042 idoneus
469 975 575 1040 haud
589 980 644 1040 est
658 992 727 1058 pro
750 972 954 1040 excitando
967 973 1059 1040 forti
1070 993 1174 1040 cem·

116 1099 246 1166 penae
270 1099 387 1160 sono,
416 1077 507 1144 dum
529 1079 696 1154 lerneus,
727 1077 788 1143 vei
810 1077 889 1142 aiio
914 1073 1067 1141 duriore
1091 1097 1175 1145 ms·

115 1187 219 1251 talio
240 1187 461 1264 coniectus,
485 1187 618 1251 eadem
641 1186 681 1252 vi
703 1185 863 1265 allisus,
885 1205 1024 1252 sonum
1046 1186 1174 1252 multo

120 1289 458 1356 vehementiorem
482 1290 654 1356 suscitat.
700 1287 952 1359 chineueium
971 1289 1176 1356 sonorior·

119 1389 246 1458 biculi
266 1390 409 1456 malleo
427 1391 720 1486 percutiuntur,
744 1391 904 1458 elastico
928 1393 1096 1480 pulvillo
1117 1389 1182 1459 in·

123 1501 299 1570 structo,
327 1499 365 1560 et
389 1493 652 1572 eduntsonos,
680 1493 747 1582 qui
768 1495 814 1563 ed
828 1499 1016 1564 maximas
1032 1496 1179 1564 disten·

119 1599 200 1666 tias
223 1597 450 1663 audiuntur.
496 1598 582 1682 ipsa
614 1597 701 1664 dein
731 1598 813 1680 vis,
846 1619 921 1688 qua
946 1578 1175 1668 excitatores

121 1702 166 1768 in
188 1720 348 1785 corpore
371 1707 514 1785 egunt,
544 1705 582 1766 et
613 1703 796 1768 volumen
826 1725 958 1771 eorum
989 1703 1037 1771 ed
1058 1705 1177 1776 robur

122 1802 212 1892 soni
234 1805 420 1869 hactenus
434 1804 620 1886 iaciunt,
646 1805 743 1891 quod
759 1805 1019 1873 oscillationes
1033 1831 1075 1874 oo
1096 1829 1178 1876 ma·

122 1907 227 1996 iores
246 1903 456 1988 suscitent,
493 1925 615 1996 eoque
633 1912 762 1994 plures
783 1911 994 1996 particulas
1013 1931 1178 1978 commo·

124 2018 272 2095 veant,
308 2033 383 2112 quo
409 2007 680 2089 vehementius
699 2019 872 2105 egerint,
898 2025 936 2084 et
959 2038 1033 2107 quo
1054 2017 1177 2098 maio·

123 2137 210 2185 rem
229 2117 432 2204 tetigerint
458 2123 627 2208 corporis
651 2121 929 2206 peripheriam.
974 2121 1098 2187 Debet
1119 2125 1179 2184 ts·
1296 2109 1303 2120 “

130 2241 224 2290 men
259 2230 362 2290 certe
393 2245 471 2291 esse
497 2227 696 2312 proportio
725 2225 828 2290 inter
858 2223 1108 2304 exeitttorsm
1141 2227 1181 2292 et

126 2349 314 2398 sonorum
336 2349 494 2420 corpus,
524 2335 568 2395 ut
594 2327 796 2395 conflictus
818 2333 974 2395 mutuus
991 2329 1044 2394 sit
1072 2314 1181 2394 debi-

125 2437 189 2500 tus
204 2451 212 2500 ε
238 2432 314 2500 ictu
327 2432 449 2520 igitur
462 2433 626 2502 nimium
640 2433 868 2500 vehemente
879 2453 1055 2518 percusse
1077 2449 1180 2498 osm-

124 2553 251 2623 pana,
275 2537 336 2600 vel
355 2537 390 2603 si
414 2536 578 2602 malleus
598 2536 699 2622 justo
722 2543 778 2602 est
797 2523 944 2618 maior,
971 2537 1180 2620 strepitum

125 2643 261 2728 potius
286 2661 402 2730 quem
426 2641 598 2710 sonitum
619 2639 781 2710 excitari
800 2641 1060 2712 observemus.

154 2822 156 2830 ·
208 2785 252 2869 o)
277 2784 446 2866 Corpore
478 2799 617 2854 sonora
648 2785 765 2852 robur
794 2785 882 2850 soni
914 2783 1178 2850 determinent

127 2885 426 2978 magnitudine,
452 2886 697 2961 cohaesionie
720 2887 840 2974 gradu
871 2887 908 2962 e't
936 2887 1100 2964 elastiea
1124 2886 1181 2970 vi..

125 2994 192 3060 His
221 2989 327 3056 enim
348 2986 637 3057 conditionibus
652 2987 849 3074 efficitur,
871 2998 914 3057 ut
932 2989 1175 3057 vibrstionss

37 3121 40 3128 ’
128 3118 172 3165 eo
195 3095 364 3180 majorae
376 3093 597 3179 contingere
610 3095 787 3178 possint,
812 3113 934 3183 eoque
947 3094 1179 3190 pluresper·

127 3200 273 3269 ticulee
294 3200 335 3265 in
355 3205 503 3266 motum
517 3198 796 3268 oscillatorium
810 3201 905 3284 poni
918 3200 1089 3268 valeant.
1112 3201 1179 3267 Vi·-

129 3305 264 3372 demus
282 3305 374 3372 hinc
393 3302 478 3373 soni
497 3303 579 3370 vim
599 3302 640 3368 in
653 3303 854 3391 quibusvis
874 3301 1023 3371 sonoris
1045 3324 1179 3390 corpo.

129 3409 259 3490 ribus,
282 3407 417 3475 esteris
429 3408 607 3492 paribus,
626 3428 665 3476 se
689 3408 831 3480 hebere
846 3407 886 3474 in
901 3405 1054 3476 ratione
1073 3429 1178 3478 oom*

114 3510 259 3594 ¹posita
282 3507 587 3596 magnitudinis,
619 3509 893 3578 consistentise
922 3515 959 3576 et
984 3509 1081 3576 certi
1103 3510 1181 3604 ela-y
1247 3503 1261 3580 s

131 3613 321 3681 etioitetis
337 3611 490 3700 gradus.
535 3614 676 3682 Omnia
689 3615 810 3699 igitur
822 3633 956 3702 „quas
971 3631 1176 3697 corporum

131 3710 372 3780 vibrationes
392 3717 601 3793 minuunt,
632 3717 693 3784 vel
722 3717 957 3806 impediunt,
990 3714 1075 3781 soni
1094 3714 1179 3780 vim

128 3812 338 3893 minuunt,
376 3818 440 3883 vel
470 3803 717 3906 supptlmuut
739 3821 922 3906 penitus,
951 3816 1054 3907 quod
1075 3837 1177 3884 cam.

130 3935 258 4002 panae
271 3919 359 3987 nive
372 3927 568 3993 oontectae
579 3967 591 4006 ‚
611 3925 815 4009 velpanno
829 3921 1028 4014 involutas
1052 3927 1177 3988 osten.

137 4021 249 4092 dunt.

217 4146 552 4262 3)'00uductorum
573 4163 736 4254 denique
758 4165 940 4250 conditio,
965 4165 1176 4264 queaptio,
1232 4143 1237 4155 ⁴

130 4289 189 4347 tes
210 4267 424 4342 redduntur
449 4273 516 4356 eut
547 4269 674 4338 minus
699 4271 832 4340 idonei
859 4271 907 4348 ed
934 4272 1175 4370 recipiendae
