2946 5000
114 4243 118 4274 1

194 417 199 424 .
287 369 353 443 34ο
389 297 394 306 0
517 353 630 421 ·.Ι.ιιι
654 351 700 424 11.
716 299 811 418 [car.
831 327 889 423 IV.
912 355 1122 424 Dusnusu.
1152 316 1177 382 '¹

192 483 196 492 ’
260 495 1242 586 quraetateprocrescenteprofundiustrngantur
1259 505 1330 570 Na

284 601 411 666 tiones
428 601 595 666 Celticae
616 595 780 717 obiginie
815 604 960 681 caceio,
988 573 1225 698 Mongcilioae
1248 611 1332 674 atro

267 705 398 769 ¹iridis
419 702 576 770 colore
564 701 732 786 insignes
751 711 853 776 aunt.
898 709 990 774 Cum
1005 709 1120 774 certis
1140 715 1333 810 tempera·

286 811 430 884 mentia
453 818 598 876 certum
613 803 818 876 oculorum
824 813 990 878 colorem
1003 807 1253 906 conjunctum
1264 813 1332 898 po'·

173 903 177 910 ’
286 913 484 978 tissimum
504 935 607 993 esee,
627 935 695 985 suo
716 917 800 984 loco
822 914 882 1005 (t.
903 931 1013 1001 245-
1026 937 1099 1002 '²5⁰-
1110 919 1352 1005 ·)diximus,.

252 1101 259 1120 Ι
285 1019 322 1078 et
336 1015 457 1081 habet
478 1017 581 1083 idem
596 1019 708 1085 rrrdrs
718 1023 832 1095 color,
855 1021 921 1108 qui
939 1023 1133 1124 propriam
1146 1023 1331 1109 quodam·

288 1119 403 1182 modo
437 1121 537 1185 oculi
567 1103 886 1192 constitutionem
905 1126 1115 1204 enunciat,
1144 1145 1329 1211 magnum

265 1219 328 1284 in
361 1223 514 1288 morbos
544 1222 722 1302 eiusdem
741 1229 877 1310 organi
900 1226 1090 1292 influxum
1112 1229 1175 1312 h).
1227 1229 1331 1294 Solet

221 1385 245 1422 q,
287 1329 419 1388 autem
441 1325 548 1389 idem
563 1347 642 1391 esse
659 1330 858 1413 utriusque
875 1328 977 1392 oculi
1000 1332 1126 1406 color,
1150 1329 1331 1396 licetnon

287 1421 414 1488 desint
436 1429 612 1511 exempla
629 1429 884 1499 homiuumet
907 1429 1163 1512 animalium,
1185 1426 1324 1519 q'uibue

286 1524 459 1592 diversus
481 1531 595 1612 plane
614 1537 681 1598 eet.
731 1533 733 1540 ’
820 1538 822 1542 ’

366 1711 433 1786 Est
452 1713 584 1776 autem
610 1707 830 1800 pupillam
856 1706 1030 1775 humano
1055 1714 1266 1800 embryone
1289 1724 1327 1781 et
1366 1687 1369 1692 ¹

253 1812 374 1908 »aliia
404 1811 679 1878 mammalibuc
708 1831 828 1897 neque
870 1820 1015 1879 certam
1051 1822 1253 1882 aetatem
1231 1839 1326 1908 ope

246 1995 249 2006 Ι
283 1915 532 1978 membranae
552 1915 679 1979 tenure
706 1920 744 1978 et
749 1915 1010 2013 ναιοιιὶοιαο,
1047 1936 1070 1980 a
1091 1917 1330 1986 wachen-

281 2016 418 2082 dors
408 2039 421 2078 1
435 2034 456 2077 o
478 2009 651 2100 primum
667 1995 895 2100 descriptae,
919 2017 1079 2082 clausa.¹
1103 2020 1200 2086 Vasa
1221 2023 1327 2088 enirn

169 2137 176 2144 ·
282 2117 504 2235 ε ιιιςιι11ειιι
526 2119 639 2204 iridis
659 2117 762 2183 ultra
775 2109 1329 2216 pupillaremtumexcurrunt

285 2221 528 2306 marginem,
550 2225 588 2284 et
605 2222 869 2295 constituunt,
901 2225 1009 2284 textu
1033 2221 1213 2292 celluloso
1236 2243 1327 2291 con·

283 2344 404 2406 nexa,
426 2321 530 2390 idem
547 2323 833 2398 velamentum,
853 2323 1136 2388 membrana
1160 2325 1327 2408 puprl

202 2447 205 2451 ·
251 2432 418 2510 ‚laria
460 2428 608 2496 dictum
637 2430 680 2528 i).
725 2431 997 2496 Formaturea
1027 2431 1327 2520 tunica,.quod

262 2535 352 2619 stret,
371 2532 564 2600 Hutnauia
578 2531 748 2600 ostendit
766 2533 1124 2615 observationibus,
1142 2535 1325 2619 pedeten-

281 2639 381 2712 tim,
410 2643 454 2702 ut
474 2637 565 2702 adeo
585 2637 702 2700 tertio
725 2637 972 2722 graviditatis
994 2657 1123 2707 manee
1146 2645 1325 2707 externus

282 2747 435 2821 tantum
460 2738 570 2804 iridis
590 2758 724 2823 margo
742 2739 952 2822 adpareat,
984 2743 1114 2828 media
1136 2742 1213 2821 aius
1235 2765 1326 2832 pars

142 2888 146 2897 -
242 2885 247 2896 ·
279 2863 433 2908 mucosa
456 2845 609 2906 tantum
632 2841 704 2916 eit,
725 2848 762 2907 ct
774 2842 911 2928 quinto
924 2844 1083 2938 nonnisi
1104 2865 1233 2912 manse
1253 2868 1347 2911 va·.

278 2949 330 3013 ais
353 2953 531 3030 pertenta
552 2953 591 3012 et
610 2946 732 3031 magis
755 2945 910 3012 evoluta
931 2953 1121 3014 cernatur.
1144 2950 1253 3015 Circa
1276 2949 1326 3014 fi·

277 3073 365 3118 nem
385 3053 528 3115 mensis
548 3051 700 3131 octavi,
727 3050 796 3115 ubi
817 3049 948 3117 oculus
968 3052 1016 3115 ad
1034 3053 1222 3138 insignem
1241 3074 1324 3120 ma·

277 3155 522 3244 gnitudinam
540 3155 730 3235 increvit,
752 3175 845 3220 vasa
874 3155 954 3239 ejus
966 3157 1224 3222 membranae
1242 3163 1324 3223 ten·

278 3263 436 3338 duntur,
455 3259 554 3323 unda
579 3261 671 3326 haee
695 3266 825 3323 centro
855 3271 928 3324 auo
953 3259 1130 3326 fatiscere
1159 3260 1323 3344 incipit,

277 3364 473 3449 rumpitur
496 3335 669 3438 demum,
706 3365 745 3424 et
763 3332 1016 3425 retrahuntur
1045 3381 1139 3426 vasa
1170 3362 1319 3446 ellipti·

278 3487 343 3560 ca,
380 3485 477 3552 quae
500 3466 687 3528 annulum
719 3462 832 3528 iridis
859 3463 1075 3541 minorem,
1113 3484 1213 3530 nunc
1240 3467 1323 3551 pri-

158 3571 161 3576 '
263 3549 386 3636 'mum
417 3567 458 3630 in
487 3557 732 3649 conspectum
757 3566 1000 3641 venientem,
1035 3563 1241 3635 efformare
1261 3593 1323 3634 vr

275 3671 418 3742 dentur
436 3672 500 3758 ic).
520 3672 675 3736 Varium
696 3677 827 3735 autem
847 3678 904 3736 eat
921 3671 1104 3754 tempus
1092 3693 1134 3737 ιιι
1155 3673 1321 3742 diversis

278 3780 537 3860 pnimnlibua,
579 3796 653 3863 quo
673 3757 914 3849 ,membrana
942 3778 1161 3863 pupillaris.
1177 3779 1327 3848 deficit.

278 3867 624 3958 Obrervationibus
643 3883 710 3948 cei.
727 3885 887 3948 Macrin
910 3882 1044 3965 opinio
1059 3881 1322 3968 Wriebergia·
1366 3949 1371 3956 ,

274 4014 327 4062 na
348 3987 624 4062 confirmatur,
658 3986 759 4070 quod
790 3985 1017 4053 membrana
1043 4007 1088 4050 ea
1110 3985 1151 4049 in
1172 3988 1319 4064 brutia,

268 4115 374 4180 quae
393 4088 534 4155 clausis
558 4087 753 4173 palpebris
768 4095 997 4166 nascuntur,
1022 4100 1185 4176 eousque
1198 4091 1320 4174 perai-

277 4204 380 4283 atet,
411 4192 639 4268 donatistae
661 4181 947 4312 conglutinatae
968 4183 1211 4278 permanent.
1254 4197 1323 4261 ce·
