2904 5002
168 369 283 436 sacr.
302 363 362 438 Iu.
385 365 446 436 Dr
467 375 623 429 tumre.
648 337 675 430 l.
700 338 864 430 oroaua
885 371 1066 429 eurrrus.
1093 369 1171 442 ,toy

121 512 271 592 eitum,
293 516 338 576 ut
358 509 448 578 cubi
472 507 550 572 tria
569 505 650 572 fere
670 506 793 570 latera
824 504 1174 588 comprehendant,

119 615 285 700 annique
315 613 497 686 directio,
533 630 552 673 a
574 609 696 676 tarnis
718 606 964 694 potissimum
982 607 1169 678 lateribur

123 736 263 786 aurem
285 707 505 800 adpellant,
533 711 678 818 percipi
699 709 824 796 poerit
840 710 893 794 g).

212 857 443 923 vestiuntur
469 855 501 923 ii
515 855 673 935 canales*
688 855 788 918 fecie
799 853 954 918 interna
965 849 1175 934 parioeteo,

124 983 214 1028 oum
235 980 300 1038 eo,
336 959 436 1046 quod
454 957 689 1024 vestibulum
712 955 888 1035 obducit,
923 953 1172 1036 cohaerente,

126 1055 1174 1143 etreconduntductuemembranaoaoe,figu·

121 1191 212 1239 ram
237 1169 595 1252 conceptaculorum
624 1185 781 1230 suorum
801 1159 1176 1240 imitanteosmuoo·

62 1253 66 1265 ⁸
121 1297 165 1342 eo
187 1273 315 1338 textui
337 1271 506 1347 similes,
533 1271 637 1334 vaeie
659 1269 890 1355 sauguilerie
904 1277 941 1338 et
959 1273 1079 1359 pulpa
1090 1292 1177 1336 ner·

125 1395 205 1442 voa
228 1376 412 1460 stipator·
457 1376 551 1440 Sunt
574 1381 705 1438 autem
728 1377 865 1442 ductus
884 1375 1075 1442 ietioeaeie
1096 1375 1175 1440 auia

9 1539 10 1542 ,
122 1478 334 1546 canalibus
357 1476 474 1562 paulo
498 1477 764 1561 angustiores,
789 1485 833 1544 ut
856 1480 949 1544 adeo
972 1487 1080 1545 textu
1101 1480 1175 1548 cel·

125 1587 254 1658 luloso
276 1581 414 1651 subtili
436 1580 639 1664 interjecto
662 1601 748 1650 cum
768 1583 967 1666 periosteo'
981 1583 1176 1649 canalium
1275 1651 1284 1674 ,

122 1690 363 1775 jungantur,
387 1691 425 1750 et
440 1685 602 1751 humore
625 1706 746 1780 aqueo
761 1661 1060 1760 cimumdautur.
1104 1689 1173 1758 Di·

126 1794 322 1858 ducuntur
340 1789 383 1853 hi
404 1809 553 1876 quoque
578 1787 714 1854 ductue
727 1832 738 1868 ,
760 1797 804 1854 ut
826 1791 867 1854 in
891 1792 1004 1858 oeaeis
1027 1785 1174 1862 canali·

82 1935 85 1942 .
125 1897 283 1972 busaet,
307 1897 350 1962 in
367 1901 443 1960 tres
464 1892 780 1978 ampullulae
802 1893 1014 1978 ellipticas‚
1037 1904 1075 1962 et
1087 1919 1175 1983 ape·
1226 1893 1231 1900 ’

127 2005 290 2078 riuntur
311 2003 412 2070 ostia
438 2021 571 2074 eorum
591 2003 633 2076 in
653 2021 803 2076 saccum
824 2006 1035 2094 oblongum
1056 2004 1175 2074 veeti-

128 2109 219 2184 buti
241 2109 306 2200 h).

390 2279 442 2336 lll.
472 2274 652 2336 Go‘chlea
681 2256 917 2342 c'eenchar

214 2457 439 2525 collocatur·
453 2459 696 2526 admirabilia
718 2467 930 2527 structurae
946 2445 1039 2526 haec
1061 2459 1181 2546 laby-
1243 2459 1246 2469 '

129 2563 260 2630 rinthi
279 2561 366 2648 pare
386 2569 463 2641 ita,
486 2571 532 2629 ut
545 2565 622 2629 situ
646 2571 736 2632 ante
755 2557 993 2631 vestibulum
1007 2563 1177 2653 obliquo,

14 2681 20 2694 '
127 2669 246 2736 basin
264 2669 474 2736 introrsum
498 2674 535 2733 et
556 2675 794 2753 poetroreum
814 2669 963 2734 meatui
981 2671 1176 2735 auditorio

131 2772 316 2852 interno,
348 2792 421 2859 quo
442 2793 579 2868 nervus
593 2773 782 2838 acueticue
803 2792 936 2837 aurem
958 2772 1062 2837 subit
1073 2814 1084 2848 ,
1111 2776 1179 2840 ob·

129 2881 284 2953 vertat,
317 2880 425 2962 apice
447 2884 537 2944 ante
559 2878 744 2943 malleum
766 2884 984 2945 antroreum
998 2885 1177 2956 ,extror-

7 3075 8 3078 ,
133 3002 222 3050 eum
245 2985 463 3067 etlpaulum
488 2981 664 3050 deorsum
686 2989 866 3070 vergente
889 2986 937 3070 i).
966 2986 1035 3080 Ι01)
1056 2986 1180 3050 maxi·
1226 2991 1272 3072 ᾖ.

128 3103 230 3150 mam
260 3081 562 3150 similitudinem
587 3085 783 3153 veteribus
814 3085 892 3167 iam
926 3086 1180 3170 scriptoribus

15 3269 23 3278 ‚
134 3209 225 3276 pare
246 3189 340 3256 haec
358 3189 427 3256 rub
452 3189 630 3260 cochleae
648 3194 807 3258 nomine
828 3193 1003 3258 innotuit
1016 3190 1076 3281 le).
1096 3191 1180 3258 Me·
1261 3180 1268 3208 *

120 3297 242 3364 -diam
266 3296 441 3364 cochleae
461 3303 621 3383 partam·
635 3319 751 3366 oonue
775 3297 979 3364 constituit
999 3319 1124 3364 osseus
1138 3305 1180 3365 et

137 3421 275 3481 carue,
297 3402 361 3470 eui
385 3403 589 3472 anfractus
605 3402 783 3471 cochleae
805 3402 878 3470 duo
901 3425 986 3496 cum
1010 3406 1179 3471 dimidio
1306 3489 1308 3494 Ι

139 3509 259 3574 tertio
280 3507 654 3590 circumvolvuntur,
686 3514 725 3574 et
744 3509 886 3575 dicitur
917 3509 1180 3574 modiolus

136 3630 166 3674 e.
185 3610 389 3676 nucleua
412 3611 673 3701 (columella).
699 3611 781 3688 Non
796 3617 927 3677 temen
943 3617 1070 3678 totam
1092 3629 1204 3703 cong

135 3709 229 3775 chae
248 3711 530 3800 longitudinem
549 3717 740 3782 modiolus
752 3716 941 3797 absolvit,
960 3710 1025 3778 aed
1037 3713 1084 3778 ad
1097 3734 1178 3777 me«
1300 3741 1304 3752 ·

139 3816 247 3882 dium
270 3815 428 3912 coeundi
445 3817 537 3902 'gyri
560 3818 800 3906 deliquescit.
851 3822 914 3884 Eat
935 3819 967 3884 ia
986 3817 1178 3883 modiolus

139 3920 245 3994 eulco
265 3920 567 4006 longitudinali‚
591 3942 613 3986 a
630 3923 715 3988 beai
736 3923 785 3988 ad
808 3923 955 4007 apicem
980 3941 1180 3996 excurran·

138 4033 202 4106 ta,
226 4031 406 4104 cavatus,
436 4029 475 4108 et
497 4026 699 4093 constituit
719 4026 891 4092 canalem
911 4026 1180 4110 praecipuum,

140 4148 216 4218 quo
237 4147 444 4195 nervorum
467 4128 610 4193 eurculi
633 4129 675 4194 in
697 4128 968 4216 labyrinthum
989 4129 1202 4205 feranturr'

140 4238 406 4326 “praeterea
420 4237 552 4318 parte,
576 4251 652 4322 qua
672 4233 844 4306 laminae
866 4234 1002 4320 spirali
1022 4251 1181 4330 reapon-
