2904 5002
271 401 334 470 ω
390 441 400 474 ,
526 393 615 460 Lis.
637 380 684 501 li.
705 389 795 455 cer.
815 385 874 456 Ν.
897 389 957 455 Da
977 395 1109 454 seusu.

584 629 592 644 ,
639 595 641 600 ’
722 584 762 660 Ις.
782 594 858 664 521.

364 667 369 710 a
422 651 427 662 .

406 782 755 849 Differentiae
777 769 1187 852 in¹animalibue

271 1009 274 1016 ·
321 1026 323 1034 ·
357 973 525 1050 Cataceis
544 991 581 1050 et
604 985 692 1052 aliis
715 977 966 1072 paucioribus
992 986 1190 1070 speciebus
1214 1001 1320 1050 exce·

272 1090 375 1174 ptis,
409 1094 568 1178 quaevis
597 1093 824 1158 mammalie
855 1093 1029 1158 auricula
1052 1097 1210 1158 externa
1228 1106 1325 1174 gau·

273 1195 377 1286 dent.
401 1197 505 1279 Quae
526 1196 794 1267 timidaesunt
812 1201 959 1266 bestiae
978 1203 1046 1264 aut
1066 1199 1301 1278 noctivagae
1313 1235 1326 1272 ,

273 1301 516 1370 ruminantia
528 1303 684 1389 fugacia
696 1309 735 1369 et
750 1304 928 1369 rodentis
940 1301 1152 1368 animalias
1175 1299 1326 1365 Antilo-

273 1421 368 1488 pae,
401 1409 553 1486 cervus,
588 1407 744 1488 asinus,
774 1407 907 1491 lepus,
935 1404 1234 1492 vespertiliones
1255 1408 1327 1467 etc.

275 1507 553 1592 grandissimae
571 1513 718 1578 habeut
743 1532 875 1592 auree,
892 1517 938 1577 ,et
967 1511 1180 1576 acutiorem
1207 1505 1328 1572 simul
1380 1557 1383 1566 .

274 1612 466 1682 auditum.
489 1617 654 1701 Elephas
674 1617 873 1682 Africanus
887 1613 1057 1681 Asiatico
1067 1614 1193 1678 multo
1206 1629 1330 1698 grane

274 1714 425 1797 diores,
446 1721 582 1802 planas
597 1726 731 1784 tamen
750 1725 788 1785 et
813 1719 966 1805 corpori
992 1720 1072 1784 fere
1098 1717 1326 1801 adpressas,

145 1821 148 1832 “
274 1818 377 1904 gerit
396 1839 518 1885 aures.
541 1821 806 1888 Adverterunt
823 1830 984 1888 naturae
1003 1825 1257 1912 scrutatores,
1288 1836 1327 1879 a·

274 1921 443 1988 nimalia
464 1919 622 2010 rapacia
646 1946 755 1993 aures
784 1935 1004 2024 antroreum
1025 1927 1180 2010 patulas
1203 1921 1328 1987 habe·

275 2047 337 2102 re,
362 2032 407 2092 ut
434 2031 641 2112 praedam,
685 2052 761 2119 qua
782 2033 945 2114 vivunt,
976 2053 1021 2096 ex
1052 2027 1188 2094 auditu
1217 2025 1330 2113 sequi

274 2129 443 2214 possint,
465 2149 552 2198 cum
569 2131 723 2220 fugaces
753 2135 901 2200 bestiae
929 2140 1141 2200 retrorsum
1172 2130 1329 2214 patulas

162 2287 164 2293 2
266 2241 436 2318 gerunt,
468 2241 830 2319 utvpersecutorum
852 2257 965 2303 sonos
985 2235 1162 2302 audiant,
1190 2235 1326 2298 Fortes

275 2339 643 2416 etierocesbestiae
662 2338 704 2404 in
728 2359 867 2406 conum
891 2346 1038 2405 erectas
1053 2335 1326 2422 potissimum,

183 2457 186 2476 ¹
275 2436 440 2504 timidae
462 2461 554 2507 vero
575 2448 614 2506 et
637 2443 782 2509 debiles
800 2442 982 2509 demissas
1001 2439 1151 2505 hahent
1172 2439 1329 2504 auricu-

275 2539 333 2607 las
346 2545 393 2632 ⁴¹).
416 2545 557 2631 Figura
569 2544 672 2612 auris
684 2554 873 2622 externae,
893 2546 1195 2632 prominentiae,
1220 2542 1329 2608 cavi·

246 2731 249 2738 Ι
275 2649 374 2710 tetes
393 2654 430 2712 et
451 2669 634 2715 numerus
673 2651 971 2737 cartilaginum,
1003 2649 1141 2736 quibus
1172 2666 1329 2730 compo-

261 2753 452 2844 ¹nuntur,
483 2751 524 2816 in
558 2753 757 2837 speciebus
780 2754 900 2818 variis
920 2752 1111 2837 plurimae
1142 2749 1332 2816 exhibent

276 2845 518 2938 differentias
535 2859 606 2942 ⁶·'):
638 2855 731 2922 Cum
755 2858 921 2922 conchae
941 2860 1123 2940 apertura
1146 2861 1327 2921 coneten-

275 2957 337 3022 ter
347 2978 456 3046 pone
478 2957 700 3038 iuncturam
722 2958 974 3024 mandibulae
997 2957 1164 3034 existat,
1188 2958 1326 3024 eadem

275 3064 388 3125 tanto
406 3061 528 3146 magis
548 3064 855 3146 versus-occiput
875 3067 914 3126 et
936 3060 984 3126 ad
1004 3060 1242 3145 superiorem
1263 3080 1327 3124 ca·

275 3160 371 3244 pitis
394 3179 542 3245 partem
573 3164 808 3241 collocetur,
839 3169 983 3251 quanto
1014 3163 1168 3250 longior
1200 3166 1325 3232 relate

271 3263 322 3327 ed
341 3271 456 3346 caput
474 3263 592 3333 fuerit
612 3265 861 3351 mandibula,
882 3269 1029 3353 quanto
1049 3265 1245 3352 longiores
1261 3287 1326 3332 ra·

276 3368 331 3434 mi
344 3369 425 3455 ejus
435 3369 701 3439 adscendentes
714 3371 873 3449 fuerint,
893 3371 1114 3458 quantoque
1128 3372 1253 3456 magis
1265 3390 1328 3436 ca·

227 3503 231 3511 ¹
275 3475 479 3560 putfuerit
499 3475 673 3559 planum.
694 3478 852 3546 Dietaut
868 3477 988 3560 igitur
1010 3477 1052 3541 in
1070 3473 1229 3540 bomine
1242 3497 1326 3568 ma·

275 3585 379 3657 xime
401 3607 424 3651 a
444 3608 483 3653 se
504 3586 697 3668 invicem,
718 3595 756 3652 et
771 3586 964 3652 adcedunt
987 3587 1035 3651 ad
1055 3608 1095 3652 se
1115 3591 1250 3652 mutuo
1282 3583 1326 3652 in

275 3689 419 3756 bestiis
435 3692 691 3758 mammiferis
703 3734 714 3768 ,
735 3689 885 3758 utedeo
908 3689 948 3755 in
972 3690 1228 3790 solidungulis
1247 3689 1327 3755 eibi

155 3863 160 3872 ,
276 3792 428 3859 vicinae
441 3797 608 3861 maxime
619 3794 710 3862 sint.
735 3791 911 3860 Gaudent
930 3796 1202 3859 mammalium
1215 3812 1327 3858 aures

163 3958 165 3964 .
277 3897 402 3960 mutto
436 3898 580 3983 majore
608 3903 645 3962 et
683 3899 890 3962 manifesta
930 3897 1178 3986 mobilitate,
1222 3893 1325 3962 unde

145 4043 148 4054 .
276 3996 460 4062 musculis
480 3999 649 4065 carnosis
678 4005 715 4064 et
735 4001 914 4086 plurimis
945 3999 1201 4068 instruuntur.
1232 4001 1327 4066 Sunt

190 4167 194 4176 .
278 4105 408 4163 eutem
426 4100 466 4164 in
491 4103 687 4190 plerisque
720 4104 983 4196 quadruplicis
1011 4102 1181 4168 ordinise
1210 4103 1327 4167 aliia

279 4200 404 4286 capite
423 4203 469 4269 ad
490 4209 674 4320 majorem
705 4207 807 4274 auris
840 4207 1108 4294 cartilaginem
1137 4206 1321 4294 tendunt,

352 4375 361 4386 ‘
461 4395 467 4434 l
