2904 5002
173 407 298 482 ,seen
313 401 389 471 Jli.
409 404 468 470 Dn
488 415 595 472 vrso.
619 399 678 471 111.
702 415 814 472 vasus
830 413 1070 474 -sxeosrrro
1111 414 1178 493 389

121 552 309 632 demum,
333 555 498 642 longiore
511 555 744 640 utiqueusu,
768 557 806 618 et
823 557 949 619 tactus
968 573 1079 621 sensu
1094 573 1177 621 coo·

119 667 291 743 perante
314 661 374 746 (ς.
398 669 472 742 489.
486 662 528 743 ),
562 659 609 722 da
637 655 867 723 formalibus
898 679 1026 724 rerum
1053 661 1177 746 quali·

120 765 305 845 tatibus,
342 769 531 852 quantum
555 759 769 846 pervisum
799 760 840 826 id
872 759 989 840 licet,
1026 763 1174 842 iudicia

118 867 226 930 ferre
255 865 498 933 addiscimus.
536 864 739 950 Quomodo
770 872 900 932 autem
927 865 974 932 de
1009 866 1174 952 singulis

117 965 365 1050 iudicemus,
396 967 529 1052 paucis
552 986 653 1032 nunc
673 965 931 1053 adtingamus.

207 1131 264 1196 De
292 1149 428 1217 magn
442 1132 551 1199 itud
565 1135 642 1198 ine
663 1130 897 1216 objectorum
916 1131 1089 1196 visorum
1108 1133 1167 1219 jo-

119 1231 315 1314 dicamus,
339 1256 422 1300 cum
438 1235 647 1318 imaginem
659 1237 811 1320 saepius
825 1236 903 1324 jam
916 1235 1039 1300 viram
1049 1281 1059 1316 ,
1084 1255 1173 1304 cum

119 1335 299 1417 eiusdem
321 1337 604 1424 magnitudinis
618 1339 792 1426 abiecto,
814 1344 922 1404 tactu
933 1336 1174 1424 frequentius

118 1445 327 1526 explorato
357 1447 615 1521 conferimus,
648 1465 690 1510 ac
721 1445 839 1511 simul
871 1444 1034 1512 visionis
1067 1463 1173 1510 cam-

116 1565 377 1632 pum,quem
397 1548 591 1624 obiectum
610 1552 795 1631 occupat,
831 1547 1042 1616 arbitrario
1066 1547 1171 1612 oculi
1255 1533 1272 1560 ⁸
1377 1593 1380 1602 .

117 1657 234 1715 motu
254 1651 538 1734 percurrimus,
574 1647 781 1737 eodemque
810 1656 976 1735 tempore
999 1649 1048 1714 ad
1064 1669 1172 1716 men·

116 1769 254 1818 euram
278 1759 428 1829 motus,
450 1753 515 1839 qui
531 1771 601 1837 pro
621 1773 664 1818 eo
677 1751 907 1839 requiritur,
931 1751 1170 1840 advertimus

117 1863 163 1931 c).
189 1856 295 1942 Quia
316 1875 405 1922 vero
424 1877 628 1942 corporum
648 1856 876 1943 magnrtudo
894 1854 1171 1924 daversanobre
1277 1881 1281 1900 ·

116 1961 325 2044 adparet'
314 1982 353 2026 rn
379 1962 568 2029 distentia
591 1961 723 2032 varia·
754 1966 918 2050 angulus
938 1965 1100 2053 quippe,
1123 1981 1168 2035 ex
1197 1989 1200 1996 ·

113 2081 190 2150 quo
209 2050 521 2146 magnitudinem
541 2067 737 2140 metimur,
763 2067 947 2133 continuo
960 2069 1171 2154 decrescat,

115 2172 160 2230 ut
183 2164 377 2244 obiectum
400 2168 448 2232 ab
471 2168 580 2234 oculo
603 2165 778 2246 recedit,
801 2173 839 2233 et
852 2169 1037 2249 minore,
1068 2176 1168 2236 cete·

113 2265 168 2330 ris
200 2267 385 2351 paribus,
421 2269 652 2342 videantur,
686 2289 782 2355 quae
814 2271 1031 2336 remotiora
1054 2279 1167 2352 eunte

118 2371 315 2455 corrigere
336 2393 424 2438 eum
448 2369 612 2438 errorem
632 2371 837 2449 debemus,
879 2374 1079 2462 ipsamque
1100 2373 1167 2440 ad·

114 2468 322 2559 parentem
345 2475 656 2561 magnitudinem
689 2493 777 2544 oum
807 2475 951 2560 objecti
978 2475 1166 2547 distantia

65 2599 70 2612 ⁴
115 2579 317 2657 conferre,
340 2583 384 2642 ut
398 2574 678 2688 magnitudinis
691 2597 804 2644 verae
821 2575 1068 2649 obtineamus
1085 2581 1167 2646 ide

55 2667 60 2677 ¹
118 2699 198 2748 am.
231 2679 444 2766 Frequente
466 2653 997 2765 igituropueestexeroitio
1019 2690 1064 2748 ut
1086 2703 1167 2752 cor·
1252 2701 1254 2712 ·

114 2799 259 2867 porum
280 2781 592 2868 magnitudinem
616 2783 665 2852 ad
686 2783 812 2850 variae
845 2783 1061 2850 distantias
1081 2785 1166 2858 visu

114 2889 197 2954 eolo
213 2887 294 2969 ‚rite
316 2888 521 2952 aestimare
535 2879 748 2971 discamus,
770 2893 807 2954 et
819 2887 936 2961 facile
949 2887 1069 2956 etiam
1090 2889 1165 2960 sat,

115 2990 256 3067 timue,
296 3007 383 3055 aum
405 2985 516 3054 varia
543 3008 745 3074 corporum
768 2989 1009 3060 illuminatio
1023 3036 1034 3073 ,
1065 2993 1162 3060 situs

117 3095 291 3164 diversus
304 3135 315 3172 ,
338 3083 450 3158 veri'a
472 3093 571 3160 airis
593 3093 782 3178 densitas,
805 3102 843 3161 et
867 3093 1038 3187 divorsae
1061 3097 1163 3166 oculi

49 3255 52 3263 .
118 3197 359 3266 conditiones
379 3193 418 3264 id
444 3201 597 3262 mutent
618 3195 806 3277 iudicium
824 3193 889 3288 d).

198 3343 385 3428 Figura
398 3361 434 3412 m
450 3357 656 3424 corporum
677 3340 884 3406 visorume
902 3337 1066 3410 visionis
1078 3361 1162 3428 spa·
1209 3376 1210 3387 ι
1264 3387 1267 3396 ,

116 3446 198 3526 tio,
225 3467 243 3512 e
265 3448 347 3512 luce
365 3445 434 3511 sub
457 3443 566 3510 vario
592 3443 728 3527 angulo
752 3443 792 3507 in
813 3441 967 3508 oculum
983 3443 1159 3516 inciden-

47 3606 53 3626 ,
115 3556 177 3630 te,
202 3547 385 3643 variaque
405 3549 556 3616 ratione
571 3547 697 3614 fracta
718 3538 950 3642 autpeilaxa
980 3547 1000 3636 (
1012 3557 1060 3629 si.
1079 3557 1158 3634 508,

7 3689 9 3716 r
114 3651 245 3738 509.)‚
273 3671 366 3740 equs
389 3651 733 3730 variaradiorum,
767 3671 811 3722 ax
827 3650 989 3734 diversis
1014 3651 1158 3734 objecti

112 3754 268 3840 punctis
282 3757 548 3822 emanantium
569 3756 809 3839 intentione,
835 3763 873 3822 et
894 3755 1048 3822 diverse
1069 3775 1159 3840 par·
1182 3815 1184 3822 Α

112 3859 327 3926 ticularum
350 3859 639 3924 illuminatione
661 3859 992 3934 adumbratione,
1018 3859 1158 3945 quibus

107 3963 227 4036 'varia
245 3962 390 4028 retinae
412 3967 556 4064 puncta
585 3960 733 4028 diverso
755 3959 871 4028 modo
904 3957 1091 4027 adficiunt
1077 3962 1178 4046 tur,

115 4066 386 4146 diiudicamue.
429 4055 514 4130 Sine
544 4069 681 4130 tactus
697 4071 828 4134 tamen
859 4070 897 4130 et
919 4083 1047 4132 sensus
1071 4089 1156 4136 rnu-

114 4168 275 4234 scalaris
301 4167 492 4246 adiutorio
512 4187 642 4238 veram
662 4167 811 4255 figurae
834 4166 962 4232 ideam
984 4170 1157 4256 accipere

116 4267 221 4346 haud
240 4293 461 4362 possumuer
484 4275 742 4345 neceesarium
765 4273 885 4362 igitur
917 4279 998 4359 est,
1030 4279 1154 4350 utrae
