2686 4994
272 389 337 468 398
502 377 589 444 ιη.
609 374 656 438 11.
681 376 771 440 oar.
792 369 849 440 lv.
872 375 930 441 nn
956 337 1092 444 sasso.

314 529 407 591 cum
422 541 560 586 cornea
570 519 621 585 sit
630 519 748 604 gibba
760 525 798 585 et
809 517 958 603 pupilla
971 521 1105 604 ampla
1119 522 1158 585 iu
1170 525 1286 609 myopi.

268 631 351 710 bus,
366 627 505 714 quibus
515 621 676 687 lucisvis
690 629 907 706 augetur,et
918 625 1050 706 plures
1060 623 1162 688 radii
1174 632 1286 689 cetero-

270 731 366 817 quin
382 727 862 808 adveniantacorporibus
884 725 1222 811 propinquioribus
1242 729 1287 810 (t.

267 845 376 918 507.),
384 831 577 918 palpebris
587 825 796 894 contractis
809 835 847 892 et
856 827 1028 896 deductis
1041 832 1247 915 superciliis
1256 835 1292 896 lu·

270 959 352 1002 cem
369 936 554 1009 nimiam,
577 931 645 998 ubi
666 953 725 1022 res
739 935 953 1012 intuentur,
976 938 1172 1005 moderari
1190 960 1293 1004 suave·

267 1046 372 1113 runt,
385 1046 423 1104 et
445 1037 581 1102 vident
595 1035 715 1098 etiam
727 1038 864 1103 melius
882 1037 923 1102 iu
939 1043 1178 1123 crepusculo,
1201 1063 1292 1126 quan

267 1141 515 1227 presbyopss.
542 1143 673 1208 Solent
696 1141 815 1206 etiam
829 1157 987 1226 myopes
999 1143 1160 1229 obliquo
1183 1145 1295 1226 obtutu

270 1263 441 1318 cernere,
453 1243 500 1308 ob
512 1241 708 1328 triplicem
718 1243 925 1309 rationems
938 1243 998 1308 vel
1009 1243 1112 1308 enim
1127 1265 1211 1308 axes
1227 1266 1294 1308 ocu·

268 1349 300 1412 li
318 1347 485 1412 nimium
508 1347 769 1412 conniventes.
784 1342 989 1411 difficilem
1016 1353 1183 1434 utroque
1209 1349 1295 1412 oculo
1323 1333 1324 1374 ³

268 1451 435 1518 reddunt
465 1453 619 1527 visum,
651 1456 694 1516 ut
732 1443 847 1514 uni'co
879 1450 938 1514 uti
969 1452 1132 1528 malint,
1161 1454 1222 1518 vel
1243 1451 1296 1514 ha·
1323 1487 1324 1494 κ

271 1555 341 1621 het
371 1555 502 1618 oculus
533 1554 633 1620 alter
663 1554 783 1618 aliam
813 1553 893 1617 foci
923 1553 1182 1633 distantiam,
1217 1555 1296 1618 unde

270 1657 430 1722 alterius
452 1657 642 1722 duntaxat
659 1676 771 1721 usum
800 1657 1048 1738 praeferunt3
1069 1658 1130 1720 vel
1153 1658 1296 1743 denique

269 1766 420 1827 retinas
433 1780 547 1844 pars,
571 1783 593 1825 a
615 1768 766 1834 centro,
787 1779 884 1846 aque
903 1762 1008 1824 lente
1028 1763 1239 1838 remotior,
1258 1760 1299 1822 di·
1323 1753 1324 1770 ¹

267 1863 483 1927 stinctiores
501 1863 844 1948 accipitimagiues
858 1881 973 1948 quam
989 1884 1056 1943 ea,
1077 1883 1177 1950 quae
1199 1864 1295 1931 lentis

268 1967 336 2030 axi
357 1966 563 2049 respondet
577 1965 630 2052 ¹⁸).
904 1955 907 1963 ¹

352 2112 564 2195 Congenita
596 2107 841 2194 potissimum
872 2115 928 2172 cst
960 2109 1140 2195 myopia,
1171 2112 1233 2174 vel
1251 2111 1297 2172 via

271 2213 369 2279 tium
393 2211 726 2292 haereditarium,
756 2211 923 2278 familiis
955 2231 1033 2275 non
1064 2212 1196 2294 paucis
1227 2234 1298 2296 prs·

269 2317 409 2402 prium.
437 2314 599 2403 Adquiri
623 2317 743 2381 etiam
766 2320 894 2400 potest
918 2333 982 2398 per
1005 2315 1194 2380 intensius
1214 2317 1300 2378 visus

269 2409 507 2498 exercitium,
530 2426 604 2507 quo
627 2421 782 2486 uberior
802 2419 1008 2483 humorum
1031 2421 1191 2484 secretio
1216 2419 1298 2482 ino·

268 2524 365 2587 culis
387 2523 501 2586 facile
526 2524 750 2586 suscitatur.
783 2521 939 2585 Eruditi
960 2522 1075 2601 hinc,
1104 2524 1298 2605 sculptores

235 2624 239 2636 '
271 2631 365 2700 etc.,
390 2627 456 2710 qui
476 2625 689 2690 minutiora
707 2623 858 2702 obiecta
871 2615 1019 2688 eminus
1032 2626 1188 2688 adsidue
1210 2625 1296 2687 intu·

269 2735 409 2805 entur,
431 2747 588 2813 myopes
600 2723 839 2812 frequentius
859 2727 1093 2810 redduntur,
1117 2747 1229 2813 quam
1248 2746 1298 2788 ru··

268 2833 382 2906 stici,
404 2837 606 2896 venatores
629 2837 726 2905 etc.,
752 2849 814 2894 res
833 2829 986 2896 dissitas
1017 2837 1055 2895 et
1087 2830 1294 2915 grandiores

265 2935 396 3018 potius
421 2937 626 3002 intuentos.
660 2933 775 2998 Pueri
803 2934 922 2999 etiam
946 2955 1104 3022 myopes
1128 2938 1293 3004 manent,

259 3041 309 3109 'ni
341 3045 433 3110 satis
467 3047 619 3105 mature
657 3039 897 3117 adsuefiant,
940 3043 1129 3109 remotius
1167 3036 1293 3113 intueri

263 3152 417 3228 rasit).
504 3204 507 3210 .

351 3291 455 3382 Solet
478 3284 672 3351 idvitium
688 3300 774 3347 cum
788 3289 915 3352 aetate
936 3261 1197 3370 increscente,
1218 3305 1290 3353 ocu·
1323 3323 1324 3360 ζ

266 3389 298 3459 li
317 3381 561 3480 convexitate
590 3384 813 3465 deminuta,
843 3409 910 3454 sua
929 3395 1066 3472 sponte
1087 3392 1289 3478 frequenter
1323 3437 1324 3478 ,

203 3529 205 3534 ·
264 3491 430 3582 corrigi,
454 3491 545 3560 licet
570 3487 692 3562 multi
708 3491 788 3561 sint
807 3484 1006 3567 homines,
1039 3495 1105 3580 qui
1126 3490 1291 3561 inseram
1323 3501 1324 3552 t

263 3612 434 3670 aetatem
468 3622 628 3684 myopes
651 3603 830 3682 manent,
849 3591 950 3661 oculi
963 3594 1191 3665 humoribus
1213 3594 1292 3678 {acia

263 3713 298 3774 le
317 3700 647 3792 spissescentibus.
670 3696 916 3768 Constantior
949 3701 1070 3768 etiam
1101 3704 1291 3790 myopibus
1323 3779 1324 3798 Χ

261 3835 342 3876 esse
369 3811 492 3877 suevit
512 3809 636 3883 visus,
661 3805 753 3871 licet
766 3804 837 3872 alii
857 3799 958 3880 sint,
983 3807 1138 3874 latioris
1159 3805 1291 3891 praeci·
1323 3809 1324 3860 ἴ

259 3934 334 4000 pue
354 3907 548 3997 pupillae,
571 3893 687 4008 quiin
701 3913 896 4006 senectute
915 3909 1001 3971 visu
1021 3905 1225 3977 admodum
1239 3906 1290 3972 de-

257 4017 480 4082 bilitentur.
517 4011 645 4080 Potest
668 4011 797 4077 autem
820 4003 961 4094 corrigi
984 4009 1144 4096 myopia
1172 4012 1291 4078 adsue·

257 4116 417 4194 tudine,
439 4117 530 4181 dum
556 4112 621 4181 diu
635 4113 949 4194 a'oonspiciendis
960 4119 1201 4197 propioribus
1217 4118 1288 4181 abs·

257 4221 426 4307 tiuetur,
446 4223 563 4308 inque
582 4219 733 4309 objecta
754 4216 877 4305 magis
890 4206 1088 4302 distantia,
1100 4224 1223 4290 oculus
1234 4217 1283 4285 iu*
