2898 4996
251 393 315 459 172
343 377 432 444 Lrs.
452 373 500 444 11.
523 373 691 444 clnlll.
706 372 765 440 Ds
786 385 951 448 srsesss.
974 383 1253 444 rserrurcr.

334 514 386 586 in
399 525 543 586 seots
564 537 657 584 vero
680 518 849 606 gsuflent
871 522 1046 599 cerebro,
1077 519 1193 585 theos
1213 540 1298 592 oon·

248 637 322 694 nee
343 620 558 700 recondito,
581 620 681 688 unde
702 621 877 687 sensibus
899 623 1017 688 etiem
1031 623 1298 706 peculiaribus

248 727 439 792 inferiore
459 727 696 794 antecellunt
717 728 923 795 enimeliee
941 731 1007 794 Est
1030 735 1163 793 temen
1186 745 1300 790 ence-

134 835 137 842 '
158 844 172 894 “,
248 828 397 911 phelon
413 847 606 911 pervum,
628 828 776 896 duobus
789 827 889 899 lehis
900 829 1179 917 constitutum,
1196 827 1299 892 mol·

249 935 312 1009 le,
334 933 438 1018 gyris
459 938 498 997 et
523 934 613 998 eliis
639 935 816 1017 pertibus
839 933 1102 1018 singularibus
1130 931 1298 997 destitu·

246 1041 356 1113 tum,
395 1037 561 1120 gengliis
589 1039 719 1122 potius
741 1037 881 1102 simiis.
935 1037 1012 1121 Ipsi
1040 1035 1157 1100 etiem
1181 1021 1297 1100 nervi

247 1137 292 1202 in
310 1137 469 1222 ganglia
496 1140 718 1226 frequenter
734 1125 1020 1216 intumescunt,
1048 1147 1093 1205 ut
1118 1139 1212 1204 adeo
1233 1141 1298 1205 vi·

247 1245 333 1304 tam
366 1241 589 1326 organicum
623 1241 675 1306 in
699 1242 763 1307 his
795 1242 1032 1310 animalibus
1070 1243 1299 1328 praevalere

248 1344 498 1408 menifestum
523 1343 575 1412 sit
600 1346 656 1430 c).
801 1341 806 1382 l

316 1449 648 1560 Inmollu'scis
671 1449 1297 1556 cephalopodisencepbelus

193 1651 196 1662 .
245 1569 404 1656 proprio
420 1569 675 1656 cartilagineo
689 1569 908 1634 continetur
919 1567 1173 1658 receptaculo,
1194 1567 1296 1631 ior-1·

244 1670 433 1751 minibus,
469 1689 538 1753 pro
554 1670 865 1738 transmittendis
876 1668 1000 1735 nervis
1013 1669 1217 1734 instructo.
1230 1671 1311 1730 Oe··

108 1777 116 1788 ’
248 1775 410 1843 rubrum
423 1773 548 1856 ipsum
561 1773 602 1838 in
616 1773 710 1838 dues
724 1773 870 1838 secedit
882 1782 1010 1858 portes
1024 1796 1033 1834 ε
1053 1791 1171 1836 unam
1190 1791 1299 1835 oeso-

241 1875 1216 1964 phegovicinarumplenesuperficiedistinotem,
1235 1880 1296 1939 et·

244 1999 318 2072 que
330 1984 508 2062 alteram,
530 1984 640 2049 dorso
652 1984 895 2058 viciniorem,
916 1969 1228 2055 teretiueculem,
1254 1985 1295 2046 et

168 2104 172 2110 ·
245 2089 353 2168 striis
379 2086 727 2170 longitudinalibus
745 2085 1293 2154 informatamEleterelibus

246 2189 393 2255 cerebri
404 2191 580 2275 partibus
603 2193 769 2256 annulus
793 2190 1034 2265 medullaris,
1051 2189 1193 2253 collum
1209 2187 1293 2251 cin·

245 2314 337 2380 gens
353 2340 363 2372 ,
386 2301 471 2361 octo
486 2313 621 2359 nervos
634 2315 703 2378 pro
722 2293 886 2358 totidem
898 2290 1061 2377 pedibus
1077 2277 1291 2370 dimittens,

246 2379 454 2464 formetur.
498 2396 554 2461 Ad
576 2395 763 2482 originem
797 2397 875 2474 sius
908 2395 1041 2460 annuli
1072 2393 1148 2460 duo
1176 2395 1290 2478 peris
1320 2457 1325 2464 .

245 2511 456 2592 neruorum
477 2497 756 2567 suboriuntur-s
786 2501 982 2583 optinum,
1014 2499 1115 2588 quod
1136 2499 1178 2565 in
1201 2519 1294 2564 ocu·

244 2605 303 2668 los
326 2602 452 2694 tendit
472 2609 510 2668 et
530 2604 573 2668 in
590 2603 734 2686 grande
755 2605 979 2682 intumescit
990 2605 1190 2689 genglion,
1201 2625 1292 2672 cen·

246 2713 339 2772 tona
358 2707 428 2773 file
447 2728 517 2792 pro
535 2709 741 2776 formanda
772 2711 901 2774 retine
928 2708 1154 2790 dimittens.;
1180 2709 1290 2774 uliud

82 2899 86 2908 ³
190 2881 196 2896 ,
245 2820 376 2878 eutem
398 2833 469 2897 per
493 2814 534 2880 in
546 2814 737 2880 musculos
750 2811 995 2882 diffunditur.
1038 2815 1198 2896 Eperte
1218 2807 1298 2878 sn·‘

124 2943 127 2950 ·
235 2919 385 2994 ,teriore
408 2922 446 2981 et
466 2917 651 2984 inferiore
672 2933 743 3002 p‘ar
761 2917 972 2983 scustioum
986 2915 1162 2992 mulind,
1187 2917 1289 3002 quod

214 3019 343 3084 ¹circo
375 3038 439 3084 cor
465 3020 620 3103 plexum
634 3007 805 3097 formet,
844 3018 1042 3106 quibusvis
1062 3020 1289 3103 splenohni·

240 3125 305 3192 eis,
317 3124 448 3188 nervis
465 3125 657 3209 originem
675 3125 886 3210 praebens,
911 3123 1096 3190 secedunt
1110 3124 1186 3209 d)..
1309 3119 1323 3136 '

322 3246 445 3335 Paulo,
474 3247 590 3314 aliter
622 3271 660 3314 se
690 3270 749 3316 res
778 3249 898 3313 hebet
930 3246 973 3312 in
1005 3243 1287 3314 m'olluso‘is

190 3421 206 3441 .
232 3369 269 3436 ,g
281 3371 327 3417 ss
338 3357 356 3416 t
368 3372 387 3414 s
399 3372 417 3413 r
429 3370 487 3437 op
502 3352 624 3419 odis.
647 3351 759 3418 Helix
770 3349 947 3435 pometie
960 3347 1112 3414 cerebro
1126 3349 1289 3415 instrui·

242 3468 307 3526 tur
335 3459 588 3541 semilunsri,
615 3460 832 3543 ossopbego
856 3457 1130 3536 incumbente,
1161 3477 1181 3520 s
1209 3475 1287 3542 quo

116 3597 120 3604 ·
241 3555 424 3653 utrinque
453 3566 563 3632 filum
583 3561 824 3648 producitur,
855 3563 999 3627 collum
1020 3561 1199 3646 cingens,
1223 3563 1287 3625 in.

236 3687 309 3755 que
321 3669 518 3755 gengliom
531 3668 685 3732 cerebro
699 3666 841 3744 majus,
851 3663 1118 3730 intumescens.
1132 3665 1185 3729 Ex
1196 3665 1288 3730 istie

176 3761 198 3798 '¹
240 3779 372 3837 sutem
403 3771 570 3858 gengliis
605 3791 737 3836 omnes
760 3777 960 3858 emergunt
981 3771 1090 3834 nervi
1108 3789 1178 3854 pro
1198 3789 1288 3834 mu·

236 3877 353 3962 soniis
376 3877 479 3956 oris,
509 3873 798 3960 protenteoulis
819 3875 1031 3959 majoribus
1059 3879 1096 3940 et
1121 3875 1288 3940 minori·

236 3979 330 4055 bus,
362 3999 433 4064 pro
461 3979 583 4043 oeulis
603 3983 641 4042 st
663 3979 1021 4062 musculiscspitis,
1040 3997 1287 4065 proqueper·

239 4083 349 4147 tibus
371 4081 630 4168 genitalibus,
654 4080 863 4147 visceribus
885 4090 924 4148 et
941 4082 1126 4151 musculis
1150 4103 1287 4167 corpus

239 4183 502 4252 moventibus.
548 4183 656 4250 Alias
681 4186 826 4250 iterum
850 4189 944 4250 sunt
977 4181 1222 4255 differentiae
1243 4171 1299 4258 in'

243 4287 333 4354 eliis
356 4307 487 4357 eorum
508 4285 740 4356 animalium
761 4287 956 4374 speciebus
975 4287 1023 4374 e).
