2946 5000
748 159 986 203 'rt-

209 395 223 440 ',
270 339 336 415 272
390 369 394 376 -
498 267 1109 398 '.L1r.11.cet.1v..nrsrrsr.
1160 343 1167 350 ·
1221 321 1224 330 '

269 469 468 560 consequi.
484 469 638 546 Etenim
656 471 844 555 permulti
859 475 975 554 sunt,
998 472 1067 562 qui
1079 478 1192 562 tanta
1207 455 1320 546 ireud

271 579 469 668 gaudeant
479 573 765 666 receptivitate,
790 581 834 641 ut
850 575 893 640 iu‘
911 595 1104 642 summam
1122 577 1329 662 rapiantur
1359 596 1363 615 ¹
1464 593 1465 614 ¹

172 700 175 722 l
269 683 418 752 extasin
429 727 440 762 ,
475 687 514 744 et
534 676 805 762 apparitiones
826 679 1021 762 prodant,
1056 699 1151 766 quae
1175 691 1325 767 spectas

266 802 371 860 tores
386 786 528 854 curiosi
540 787 798 854 admirentur.
818 772 1030 854 Sufficiunt
1042 787 1160 854 etiem
1173 792 1216 854 in
1227 795 1328 860 mul·

269 895 322 957 tis
342 890 550 982 inferiores·
563 865 728 973 gredue‘,
767 889 907 978 quibus
926 890 1191 974 aegritudines
1213 915 1327 978 prae·

269 1005 395 1064 sentes
416 995 649 1079 mitigentur
661 1003 730 1062 aut
741 985 895 1080 penitus
907 996 1141 1066 sufferantur
1154 1003 1214 1084 *);
1238 1001 1322 1068 imo

271 1098 428 1166 cautum
460 1119 574 1186 saepe
596 1107 655 1164 eet
667 1142 680 1176 ‚
711 1101 968 1183 intensiorem
987 1109 1224 1172 reactie'nem
1244 1127 1328 1174 eua-

269 1209 417 1284 citare,
443 1225 541 1293 quae
561 1220 640 1274 non
658 1225 748 1273 raro
766 1211 899 1291 gravia
919 1207 1078 1273 adducit
1086 1218 1325 1296 symptoma·

266 1315 332 1385 te,
357 1318 397 1374 et
417 1308 642 1374 morbosam
653 1307 769 1390 pouit
784 1310 1008 1394 systematis
1026 1310 1182 1376 nervosi
1194 1311 1325 1393 dispe·

154 1479 158 1494 ⁸
183 1445 189 1458 ·
266 1412 451 1478 sitionem
463 1456 476 1489 ,
488 1430 556 1496 per
568 1411 723 1494 longius
735 1395 1017 1500 eaepdtempus
1029 1401 1234 1478 durantem
1248 1416 1324 1500 ”).

267 1516 428 1589 Monere
446 1513 568 1582 etiam
590 1512 801 1595 dabamus,
832 1533 902 1600 per
924 1515 1137 1586 animalem
1164 1532 1324 1600 magne·

264 1622 430 1685 tismum
448 1619 656 1684 facultates
672 1633 792 1712 novae
811 1605 1094 1706 triumuiri,
1112 1604 1323 1687 verumex·

245 1751 256 1810 ι,
269 1721 389 1790 altari
408 1727 564 1787 tantum
583 1719 818 1806 dynamicas
839 1723 1010 1806 corporis
1033 1723 1263 1809 qualitates,
1285 1729 1325 1792 et

268 1828 425 1894 animae
439 1829 697 1909 potestatam,
728 1824 778 1888 ud
797 1831 920 1891 certas
940 1826 1183 1910 operationes
1195 1825 1266 1892 sub
1278 1846 1322 1890 eo

269 1936 377 1999 statu
397 1929 643 2016 restrictam,
673 1927 829 1996 intendi
849 1931 976 1994 solum
988 1974 1000 2009 ,
1029 1934 1076 2007 ‚et
1090 1929 1211 1992 miros
1233 1947 1324 2011 pro·

160 2031 164 2039 '
269 2033 359 2098 dere
378 2031 609 2098 sensationis
629 2052 673 2098 ac
683 2031 917 2117 phantasiae
930 2031 1104 2098 effectus.
1147 2031 1324 2117 Denique

269 2142 425 2204 constet
445 2137 741 2213 observatione,
766 2141 915 2224 certem
937 2157 1018 2203 esee
1039 2133 1325 2220 phaenomena·

269 2263 359 2308 rum
386 2242 686 2319 successionem,
722 2225 766 2306 ut
786 2240 882 2306 adeo
908 2241 1068 2304 -nullum
1098 2241 1151 2305 sit
1179 2237 1324 2304 indivi-¹

267 2347 413 2428 duum,
438 2332 541 2433 quod
559 2331 847 2412 eltidr'ee·illic'o
868 2340 1326 2431 consequaturmagneti·

229 2481 234 2500 ·
265 2471 332 2539 cos
361 2448 526 2535 gradus3
563 2465 699 2513 verum
732 2447 846 2513 debet
873 2445 1165 2514 somnambulus
1194 2443 1324 2509 omnis

270 2539 633 2644 phaenomenorum
656 2551 785 2617 stadia
806 2551 964 2639 quaevis
985 2551 1176 2642 transire,
1203 2547 1323 2612 donec

110 2704 114 2711 ·
227 2654 232 2660 ’
273 2659 322 2728 ad
343 2675 538 2723 summum
558 2655 779 2740 pervenerit
797 2651 989 2738 vigerem,
1010 2655 1117 2737 equo
1131 2647 1340 2740 gradatim·

275 2781 405 2830 rursus
425 2760 468 2825 in
479 2755 691 2844 pristinum
711 2755 817 2824 redit
826 2762 985 2822 etatum.
1005 2753 1214 2818 Esttamen
1224 2769 1325 2814 non·

274 2853 478 2952 nunquam
499 2858 1112 2946 velocissimaphaenomenorum
1124 2854 1327 2940 austrasio,

278 2978 323 3037 ut
356 2967 574 3035 inferiores·
593 2965 733 3051 gradus
764 2965 872 3030 velut
911 2959 1108 3026 transilire
1148 2957 1327 3026 videatur

279 3071 587 3144 somnambulue.
794 3057 801 3078 ⁸

363 3221 470 3304 Quae
489 3223 619 3282 autem
633 3215 725 3282 ¹sint
753 3212 961 3301 praeeippa
972 3252 984 3287 ‚
1012 3207 1186 3294 singulis¹
1200 3199 1326 3305 gradi·-

278 3318 817 3408 buequodammodoprepria
825 3316 1116 3401 phaenomena,
1136 3313 1216 3398 jam
1226 3321 1331 3378 nuuc

278 3429 496 3498 videamus.
841 3415 847 3430 “

262 3608 764 3690 ΥΙ.ὃῑι(1ἱιιιιι,νὶςί1ὶαοοῑ
792 3601 920 3660 renni
941 3597 1326 3677 praedis'penantir.

373 3784 556 3850 Rariores
580 3779 613 3844 ei
633 3774 879 3858 excipiantur
901 3791 1037 3848 casus,
1061 3771 1227 3836 iteratae
1249 3787 1334 3832 ma-

282 3867 457 3979 gnetica}
479 3863 805 3971 pertractatioues
819 3881 821 3888 “
835 3875 1049 3939 reactiones
1079 3876 1252 3958 ponunt,
1289 3869 1334 3932 in

245 4041 248 4048 ·
285 4013 416 4062 sensus
435 3986 686 4072 semper-“fere
706 3977 941 4054 incidentes,
964 3981 1026 4042 vel
1046 3975 1238 4058 contingit
1255 3975 1334 4037 eal·

283 4107 387 4182 tem,
414 4104 460 4162 ut
482 4092 588 4180 aegri
610 4091 744 4175 aliqua
762 4087 1166 4158 rationareleventur,
1189 4099 1336 4144 rursus-

285 4222 358 4291 que
377 4199 421 4270 in
442 4201 656 4302 pristinum
675 4202 835 4268 redeant
854 4190 1021 4274 statum,
1056 4189 1125 4258 uhi
1152 4191 1254 4277 iusto
1285 4181 1336 4248 ci·

1212 4293 1294 4360 tius
