2738 4994
283 441 348 518 ⁴7⁰
539 423 626 492 Lis.
648 423 694 490 ll.
715 424 805 490 cor.
826 425 882 492 Ν.
901 427 960 492 Da
986 435 1115 494 senso.

283 573 411 638 fertur
432 567 485 658 d).
531 573 574 635 in
595 567 780 650 sinubus,
805 567 1125 634 donecnorrualie
1139 567 1324 635 adestsla-
1365 609 1366 616 ι

288 681 350 740 tue
363 718 374 751 ,
397 671 579 756 limpidus
600 680 638 738 et
661 691 825 758 aquosus
849 673 989 738 humor
1006 673 1242 757 secernitirr,
1264 676 1321 768 qui

285 779 328 844 in
354 791 466 842 neres
494 777 665 861 depluit,
698 793 907 860 earumque
943 795 1098 844 murum
1127 777 1326 862 adtenuat3

290 878 484 948 secedunt
502 877 555 956 arl'
573 879 674 946 hunc
696 861 920 964 lacrymulis
936 877 1079 944 humor
1099 891 1111 955 (
1122 887 1154 958 ς.
1167 885 1277 966 493.)
1298 887 1329 944 et

285 1007 428 1071 vapor,
454 1005 566 1073 quem
588 975 755 1052 arteriae
777 987 949 1069 ipsorum
974 1007 1155 1052 cavarum
1177 991 1328 1052 narium

289 1093 497 1162 exhalant,
520 1087 621 1150 unde
652 1108 673 1151 a
702 1107 813 1152 muco
835 1081 936 1167 (vol.
959 1089 1003 1152 ll
1028 1107 1063 1172 p
1086 1101 1139 1168 74.
1157 1091 1174 1171 )
1201 1089 1326 1152 indole

288 1213 358 1270 sue
376 1191 515 1260 differt.
561 1185 666 1254 Aeris
679 1187 841 1257 influxui
857 1189 1042 1253 continuo
1057 1192 1256 1273 expositus
1268 1211 1328 1252 na·

276 1295 397 1362 rium
417 1295 449 1357 ie
472 1311 615 1372 mucce,
632 1289 853 1386 nxydatur,
884 1291 1134 1355 etcontralnt
1146 1292 1330 1356 lentorem

285 1396 362 1462 srbr
374 1411 596 1479 proprium
621 1393 668 1457 ob
688 1397 855 1472 nattum,
869 1396 1011 1457 calcem
1028 1394 1327 1478 phosphoricam

289 1504 327 1568 et
349 1495 589 1564 ammonium
612 1495 859 1564 carbonicum
879 1499 1148 1582 praevalentis
1159 1543 1172 1577 ,
1211 1519 1328 1562 succos

287 1603 479 1667 caeruleos
497 1599 722 1682 plantarum
740 1597 1136 1685 viridicoloretinglt.
1156 1601 1252 1664 seri
1275 1621 1330 1662 ex·

286 1699 489 1792 posituset
508 1700 628 1768 calori
641 1720 720 1766 non
729 1689 937 1786 putrescit,
967 1724 1102 1768 verum
1122 1708 1164 1767 in
1187 1700 1331 1786 gummi

289 1809 457 1892 speciem
488 1803 721 1883 indurescit,
756 1805 1028 1891 contrahitque
1058 1805 1209 1870 flavum
1233 1807 1331 1868 colo·

286 1899 388 1992 rem-5
412 1907 532 1972 acidis
550 1907 726 1974 solvitur.
751 1900 964 1974 calorenon
987 1908 1334 1994 cogitur,-necfri-

285 2032 373 2102 gere
385 2013 462 2078 colt
472 2056 483 2092 ,
506 2011 606 2076 unde
619 2031 690 2074 nec
702 2011 913 2076 albuminis
928 2055 937 2090 ,
960 2035 1027 2080 nec
1040 1997 1239 2096 palatinae
1254 2029 1332 2096 pro·

285 2118 346 2188 dit
363 2123 545 2182 naturam
562 2115 612 2196 e).
658 2114 822 2196 Quantis
834 2119 1073 2186 autem'haec
1086 2117 1252 2182 secretio
1274 2119 1332 2180 oh-

286 2225 407 2296 noxia
435 2220 819 2303 simulationibus,
851 2242 987 2312 coryza
1019 2227 1223 2302 ostendit,
1260 2247 1332 2312 qua

287 2329 422 2392 illucue
445 2327 477 2390 ie
502 2324 776 2400 consistentia,
800 2313 926 2392 colora
942 2332 979 2390 et
997 2326 1110 2392 odore
1122 2327 1333 2416 alienatur,

288 2439 326 2496 et
338 2449 501 2515 pravam
523 2447 636 2511 saepe
658 2429 857 2496 contrahit
876 2429 1143 2499 acrimoniam.
1190 2511 1193 2515 ι

370 2577 500 2677 Magni
521 2571 621 2658 certo
642 2592 897 2656 emolumenti
919 2576 1073 2667 mucosa
1090 2593 1187 2658 haec
1214 2600 1334 2662 estec-

197 2743 204 2750 ·
283 2695 431 2767 cretio:
464 2695 627 2764 humore
641 2682 900 2768 enimsecreto
916 2713 1119 2770 nervorum
1140 2695 1244 2760 fines
1257 2717 1334 2768 con·

168 2825 172 2834 ’
287 2802 397 2867 tinuo
419 2781 701 2878 emolliuntur,
732 2821 816 2883 quo
836 2799 998 2864 ollactus
1027 2799 1225 2878 sagacitas
1255 2824 1335 2874 oon·

192 2973 223 2994 κ,
282 2903 631 2986 servatur,mitrgat
643 2902 951 2984 pituitatunroee
963 2902 1286 2984 sensibilitatem
1299 2913 1330 2970 at

274 3012 510 3108 praecavet,
519 3005 966 3077 neodorumacrimonie
958 2997 1257 3086 eamadficiat3
1276 3011 1325 3076 lu

283 3111 412 3184 bricci
427 3110 710 3186 membranam,
725 3114 763 3172 et
774 3107 949 3192 impedit,
961 3127 1009 3178 na
1024 3109 1123 3181 aeris
1136 3109 1332 3178 vicissitu-

290 3213 444 3278 dinibus
459 3215 678 3280 adficiatur.
691 3210 875 3278 Laedilur
887 3211 977 3276 hinc
991 3213 1252 3291 ollactus,vel
1262 3237 1330 3300 sup

282 3315 648 3402 primiturpenilus,
670 3316 738 3388 ribi
761 3336 870 3389 neres
893 3323 1084 3394 arescunt,
1105 3319 1166 3380 vel
1187 3323 1261 3388 ubi
1281 3343 1325 3383 se·

287 3417 406 3490 cretio
417 3421 665 3500 pervertitur
678 3401 803 3488 Habet
813 3439 856 3484 aa
865 3419 1035 3501 pituitae
1046 3418 1198 3502 genesis
1211 3425 1325 3494 etiarn

286 3519 552 3592 relationem
541 3539 583 3590 ιιι
595 3540 811 3592 universam
816 3520 1031 3591 animalem
1051 3525 1326 3598 oeconomiam,

283 3629 334 3694 ut
356 3646 401 3690 ae
424 3623 600 3690 cohibita
621 3630 688 3695 aut
706 3623 916 3712 depravata
928 3667 940 3699 ,
963 3623 1072 3692 varia
1091 3643 1209 3707 saepe
1220 3647 1326 3698 suscr-

186 3713 189 3724 ’
286 3735 420 3794 tantur
440 3728 567 3810 mala,
590 3730 681 3794 licet
700 3749 778 3800 non
798 3728 912 3818 pauci
930 3726 1224 3818 sinthomines,
1249 3749 1325 3802 cum

286 3831 445 3902 naribus
454 3833 767 3918 perpetueeiccie,
778 3833 874 3902 bena
887 3837 1018 3899 tamen
1032 3833 1222 3904 valentes,
1266 3837 1327 3906 Ro·

288 3935 553 4004 scitiusautem
577 3939 719 4007 humor
728 3939 831 4025 ,qui
851 3939 892 4006 iu
913 3935 1071 4006 sinubus
1091 3941 1325 4016 secernitur,

288 4040 357 4108 auh
369 4039 475 4109 omni
489 4039 626 4126 cepitis
642 4038 743 4117 situ,
766 4061 811 4106 ex
834 4058 910 4107 uno
933 4040 1105 4110 alterove
1128 4061 1265 4109 eorum
1287 4041 1323 4112 in

290 4163 386 4210 cave
403 4144 558 4209 narium
579 4143 750 4228 depluit,
771 4141 1049 4231 hocquemouo
1071 4145 1120 4209 ad
1145 4145 1326 4212 olfactum

291 4246 516 4323 contribuit.
560 4245 617 4322 Ad
636 4264 771 4340 uocem
794 4253 925 4323 auten
945 4249 985 4319 et
1005 4245 1202 4341 loquelam
1232 4249 1328 4322 ainus
