2904 5002
279 363 350 534 1438ι
538 413 626 488 ιη.
648 411 695 479 11.
715 413 805 480 car.
829 414 888 479 lv.
911 415 970 480 Dr
992 429 1126 486 serso.

644 567 673 612 «’
739 573 769 648 §-
790 574 867 649 528.

424 787 427 796 ·
562 739 879 826 Propagatio
908 741 1033 809 soni.

249 981 251 990 s
281 905 289 932 ‘
366 901 416 970 Ut
437 927 553 977 sonus
577 930 597 974 e
619 909 844 995 corporibus
878 890 1107 980 sonantibus
1129 908 1172 977 in
1196 925 1329 976 eurem

281 1020 457 1083 nostram
479 1020 735 1098 propagetur,
764 1009 1010 1077 intermediis
1038 1029 1134 1095 opus
1166 1017 1224 1080 est
1246 1031 1333 1074 con·

283 1117 507 1186 ductoribus
516 1165 527 1198 ,
560 1138 625 1181 seu
644 1117 790 1182 talibus
819 1115 1065 1200 corporibus,
1089 1131 1188 1201 quae
1208 1113 1333 1180 vibra·

280 1221 456 1287 tionibus
479 1218 714 1302 recipiendis
745 1220 825 1283 sint
857 1219 1031 1301 capacia.
1074 1218 1192 1282 Omni
1214 1214 1333 1300 igitur

282 1321 517 1391 conductore
541 1323 700 1388 ahsente
721 1324 831 1388 nulla
852 1324 976 1391 locum
996 1313 1116 1386 babet
1140 1320 1229 1386 soni
1246 1337 1334 1401 pro·

209 1495 212 1502 ,
281 1424 468 1510 pagatim
488 1425 588 1494 unde
607 1427 840 1512 campanula
867 1426 909 1492 in
936 1441 1057 1492 vacuo
1080 1427 1261 1508 pulsate,
1293 1418 1333 1485 ni

282 1527 401 1596 solidi
422 1526 554 1595 adsint
586 1528 857 1607 conductores,
885 1527 1039 1594 nullum
1071 1526 1155 1595 edit
1184 1543 1331 1592 sonum.

282 1629 529 1705 substantiae
556 1628 704 1713 rigidae
724 1630 866 1716 optimi
889 1631 967 1695 fere
993 1635 1083 1696 sunt
1106 1630 1334 1700 excitatores

283 1734 393 1814 soni,
415 1733 587 1818 liquidae
600 1755 712 1810 vero,
734 1725 960 1802 aiiriformss
971 1735 1224 1821 praecipuae,
1235 1729 1331 1816 opti·

250 1845 260 1861 ⁸
281 1838 339 1910 mi
351 1837 431 1902 fere
444 1837 706 1916 conductores,
717 1845 881 1925 suntque
893 1839 992 1905 istae
1002 1859 1088 1904 cum
1098 1839 1236 1904 solidis
1249 1835 1332 1902 sub·

269 1939 443 2024 *stantiis
464 1945 575 2036 tanto
596 1939 720 2025 magis
740 1943 927 2020 idoneae,
952 1964 1026 2032 quo
1051 1943 1178 2029 magis
1191 1946 1279 2008 sunt
1296 1959 1332 2002 e·

288 2046 464 2118 lasticae.
489 2043 815 2112 Consuetiasimus
837 2066 1020 2116 sonorum
1040 2048 1252 2114 conductor
1271 2042 1333 2106 air

283 2149 618 2232 atmospbaericue
631 2155 707 2225 est,
736 2149 801 2236 qui
821 2172 845 2214 a
863 2151 1087 2236 corporibus
1104 2148 1330 2217 sonantibus

284 2253 472 2324 hactenus
485 2259 662 2320 mutatur
672 2296 684 2334 ,
704 2257 803 2320 utin
818 2257 953 2326 stratis
974 2254 1077 2338 ejus,
1098 2256 1225 2341 magis
1236 2270 1330 2320 ,con-

285 2347 476 2437 densatii,
498 2354 754 2443 nudiquoque
776 2359 975 2440 oriantur,
997 2379 1015 2422 e
1037 2359 1206 2445 quibus,
1231 2360 1274 2420 ut
1292 2350 1331 2415 in

284 2459 435 2530 sonoris
462 2447 686 2541 corporibus
709 2465 828 2546 θεῆς.
848 2460 965 2544 5η),
988 2463 1233 2528 vibrationes
1253 2458 1331 2522 lon-

282 2562 519 2649 gitudinales
540 2571 764 2633 nascuntur.
796 2565 1064 2632 communicat
1083 2563 1217 2651 itaque
1238 2567 1330 2626 stra·

281 2673 368 2736 tum
381 2667 503 2746 a’e'ris,
526 2667 684 2744 sonanti
703 2670 854 2752 corpori
877 2668 1114 2752 contiguum,
1144 2665 1326 2734 vibratio-

213 2820 215 2828 .
282 2779 536 2856 nesreceptas
553 2779 678 2838 strato
701 2773 896 2856 proximo,
913 2780 952 2838 et
971 2774 1187 2858 procedunt
1209 2769 1328 2835 undu·

284 2874 453 2943 lationes
468 2877 615 2946 adeam
633 2876 886 2952 distantiam,
908 2876 1125 2964 durantque
1150 2885 1230 2944 tam
1253 2874 1329 2936 lon·

156 2976 160 2985 “
284 2983 549 3062 gotempore,
583 2998 698 3070 quam
719 2979 918 3064 primitivi
940 2987 1068 3046 motus
1093 2978 1151 3046 vis
1176 2984 1213 3044 et
1235 2972 1330 3042 a'e‘rir

286 3080 784 3148 elasticitasdeterminant.
809 3083 1047 3167 Propagatur
1069 3090 1200 3150 autem
1222 3095 1329 3148 sonus

286 3185 331 3254 in
355 3179 508 3255 omnem
530 3193 630 3258 airis
651 3188 917 3277 peripheriam
936 3189 1147 3269 radiatim,
1172 3193 1216 3254 ut
1241 3182 1329 3250 adeo

288 3297 465 3378 centrum
488 3293 568 3378 ejus
589 3296 640 3358 sit
660 3293 702 3390 in
725 3299 1088 3377 corporesonante,
1113 3301 1152 3358 et
1167 3289 1273 3356 'radii
1289 3283 1328 3352 in

286 3395 540 3477 peripheria,
556 3395 712 3480 ipsaque
735 3397 823 3462 soni
845 3396 904 3460 vie
923 3394 1069 3480 pariter
1092 3395 1226 3462 eadem
1246 3405 1329 3474 pro·

245 3573 248 3578 Δ
286 3499 470 3582 portione
496 3501 709 3579 decrescat,
740 3519 816 3586 qua
847 3489 1125 3592 distantiarum
1147 3491 1328 3588 quadrat·

286 3610 480 3690 augentur
502 3603 666 3686 (vobIV.
680 3606 836 3696 p0363·)·
958 3620 960 3624 ’

372 3743 574 3828 celeritas,
604 3747 679 3833 qua
697 3763 811 3809 sonus
830 3762 899 3829 per
924 3745 1053 3811 airam
1074 3744 1323 3832 propagatur,

286 3843 413 3922 multo
433 3851 489 3914 sat
513 3848 641 3912 minor
663 3865 779 3934 quam
802 3846 920 3931 lucis,
958 3856 997 3914 et
1016 3854 1192 3919 statuunt
1218 3839 1324 3921 vu¹g⁰

286 3973 371 4018 eam
395 3971 499 4030 esse,
522 3957 564 4016 ut
585 3951 692 4020 intra
710 3948 904 4016 minutum
926 3952 1134 4034 secundum
1162 3955 1323 4031 1038120·

155 4064 157 4068 ’
288 4051 352 4119 des
368 4059 581 4138 percurrat.
600 4053 771 4137 Augetur
790 4060 917 4118 autem
934 4053 1034 4128 baec
1046 4053 1226 4119 velocitas
1238 4090 1247 4122 ,
1259 4057 1321 4103 ³1¹·

288 4163 353 4222 ote
369 4155 667 4239 etmosphaerici
700 4156 801 4228 airis
820 4157 979 4221 elaatioa
1006 4159 1068 4235 vi,
1101 4163 1145 4224 ut
1173 4149 1261 4217 adeo
1280 4139 1318 4208 in

288 4260 385 4332 ricco
398 4269 436 4332 st
444 4262 569 4336 calido
583 4265 671 4332 aire
692 4265 799 4332 intra
815 4267 968 4351 tempus
988 4262 1094 4332 idem
1118 4242 1322 4348 1098peder
