2920 4998
314 383 379 460 ¹49ss
579 357 665 432 Lis.
682 360 729 428 11.
748 359 838 424 car
858 355 928 421 1v
939 355 1014 430 ιιι,
1021 363 1154 419 sasso.
1245 357 1248 362 ·

316 532 430 602 pore,
450 507 527 574 nisi
543 503 744 590 ιιοιιιιιιιιι
762 494 970 582 principiis
989 490 1069 562 sint
1085 453 1244 570 mistae.
1261 491 1362 554 ,For--

317 635 383 694 ma
402 619 547 684 autem
557 605 709 691 liquida
731 603 789 676 ita
807 597 1040 686 requiritur,
1061 602 1104 658 ut
1126 593 1249 658 solida
1274 613 1347 656 cor·

317 740 434 806 pora,
464 709 694 780 humoribus
723 704 864 768 nostris
897 697 1130 798 nullatenus.
1154 694 1349 770 solubilia,

223 853 226 860 ¹
317 825 380 888 vel
402 821 437 884 si
461 817 594 900 lingua
613 808 733 874 suerat
748 803 862 873 arida
874 845 885 878 ,
918 805 1125 889 gustatum
1131 798 1348 866 nullatanus

317 913 500 992 incitent,
538 933 604 978 nec
642 886 869 986 adrifcrrnia
899 903 942 981 in
967 905 1155 996 gustatus
1189 917 1348 982 organon

321 1029 460 1108 agunt,
491 1017 601 1098 adria
597 1011 716 1076 auidi
738 1005 934 1072 sarbonici
939 1001 1154 1084 exemplo,
1187 999 1253 1087 qui
1272 1019 1349 1064 cum

320 1147 421 1212 aqua
443 1123 598 1194 unitus,
621 1109 825 1198 adeoque
814 1129 855 1172 ιιι
882 1111 1047 1173 sormam
1068 1101 1260 1189 liquida'm
1277 1122 1352 1168 mu.

321 1211 897 1302 tatus,aciduliestsaporis.
1019 1277 1033 1288 ..
1119 1281 1123 1288 .

291 1458 296 1465 ι
345 1374 476 1436 Per
497 1364 648 1464 variarn
681 1355 959 1440 chemicorum
969 1355 1248 1421 elementorum
1274 1371 1351 1437 pro·

321 1478 544 1566 portionem
574 1489 617 1532 ac
624 1457 965 1546 conjunctionem'
986 1460 1169 1524 diuersae
1186 1459 1351 1524 oriuntur

144 1576 149 1600 ’
252 1571 686 1683 Χιιιιοιιιιιιιιιιιιιιιι.
721 1565 861 1630 Eadem
883 1585 972 1628 vero
1001 1583 1184 1648 saporum
1218 1563 1351 1638 estob-

323 1687 483 1753 scuritas
503 1685 548 1742 ut
569 1677 753 1746 οιιοιιιιιι;
775 1647 875 1733 unde
900 1657 1077 1756 gustatu
1088 1669 1208 1738 reales
1237 1685 1351 1732 rerum

326 1773 533 1880 qualitates
554 1763 773 1865 dignoscere
785 1793 869 1836 non
889 1765 1167 1848 valemus3nec
1189 1771 1281 1836 alias
1298 1791 1354 1853 per
1419 1749 1420 1810 ι

315 1915 414 1982 ,eum
446 1883 684 1971 adquirimus
710 1877 842 1950 ideas,
870 1891 985 1959 quam
1013 1877 1132 1953 tales,
1159 1875 1352 1960 quaesub·

325 1995 491 2076 jectivus
519 2003 646 2052 rerum
689 1979 767 2042 ad'
772 1995 906 2058 corpus
938 1982 1112 2040 nostrum
1157 1976 1350 2040 relationes

266 2171 267 2176 .
326 2095 528 2162 nunciant.
559 2081 726 2152 Defimrr
747 2079 867 2164 igitur
889 2099 1041 2160 sapores
1066 2079 1233 2155 diversi,
1257 2077 1352 2140 etad

327 2205 452 2274 certos
491 2191 642 2273 aliquos
687 2182 839 2247 ordines
886 2178 1033 2262 redigi
1046 2179 1152 2248 haud
1195 2185 1351 2261 possunt.

329 2289 705 2385 Quantitativa
734 2275 924 2368 autemst
948 2269 1278 2366 qualitativa
1304 2299 1354 2344 sa·

234 2473 242 2493 ·.
327 2423 465 2492 porum
489 2403 547 2462 ast
569 2391 799 2458 differentia.
837 2385 887 2450 Ea
910 2405 1087 2469 corpora,
1115 2407 1214 2473 quae
1237 2387 1281 2451 ad
1299 2403 1355 2468 pc·

234 2501 244 2520 ''
327 2513 429 2574 laria
451 2495 647 2594 principia
666 2491 852 2556 maxime
845 2487 1066 2566 adradunt,
1087 2491 1201 2553 acida
1222 2485 1355 2570 praeci·

328 2629 421 2694 pue,
434 2598 740 2668 intensissimum
760 2580 907 2656 habent
924 2610 1117 2672 saporem
1137 2611 1268 2656 amara
1285 2609 1355 2653 ner·

329 2731 468 2781 vorum
499 2698 671 2792 papillas
697 2700 823 2764 minua
852 2702 1028 2781 potenter
1065 2696 1272 2770 adficiunt,
1298 2693 1353 2758 diu

330 2815 464 2883 taimen
494 2828 625 2904 eorum
659 2803 848 2878 manent'
840 2799 1120 2883 impressiones.
1155 2797 1354 2882 Receptivi

328 2929 390 2996 tas
410 2896 657 3014 nervorum,
660 2926 760 2990 quae
790 2922 856 2994 per
887 2922 1020 2988 causas
1044 2901 1172 2968 varias
1197 2906 1353 2969 mutatur

331 3028 383 3110 (ς
402 3041 453 3104 75.
460 3021 492 3104 ),
507 3002 715 3133 saporibus
729 3007 936 3076 relativam
954 2978 1095 3101 ¹tribuit
1115 3007 1209 3103 vim.
1221 2999 1355 3068 Blandi

321 3110 513 3222 sapores,
538 3117 603 3211 qui
632 3117 825 3190 insanias,
859 3109 1023 3198 teminas
1061 3117 1098 3174 et
1130 3089 1356 3176 delicatiores

236 3255 238 3258 ·
331 3235 511 3301 homines
530 3229 637 3310 grate
652 3199 869 3295 adficiunt,
890 3239 913 3280 a
940 3215 1100 3280 rudibus
1126 3223 1164 3282 et
1189 3210 1354 3282 seniculis

330 3339 398 3400 vix
415 3317 703 3418 percipiuntur,
726 3319 881 3404 placent
901 3339 990 3384 varo
1009 3317 1069 3386 his
1094 3339 1245 3402 sapores
1266 3333 1353 3384 acer·

331 3433 384 3509 hi
397 3447 433 3502 et
462 3431 617 3500 intensi.
650 3429 821 3510 Mutatur
856 3409 1006 3488 eadem„
991 3425 1260 3528 receptivitas
1285 3435 1358 3484 ner

333 3562 473 3638 vorum
505 3558 588 3628 per
595 3534 703 3620 ipsos
741 3549 889 3620 quoque
925 3548 1107 3610 sapores:
1137 3532 1254 3614 rina,
1283 3523 1358 3608 post

335 3627 507 3738 dulcium
530 3657 649 3704 esum
659 3639 839 3716 gustata,
860 3629 982 3716 acida
992 3629 1203 3712 adparent3
1224 3631 1256 3694 si
1276 3641 1357 3690 vero

332 3757 425 3875 post
447 3746 573 3816 acria,
594 3738 748 3811 salina,
767 3751 916 3812 caseum
948 3713 1019 3822 etc.
1030 3740 1261 3817 gustentur,
1284 3724 1355 3790 dul·

334 3859 396 3924 cia
416 3826 633 3945 videntur.
1357 3843 1362 3851 ·

369 4002 547 4074 Solent
567 4005 747 4073 saporum
762 3984 976 4070 qualitates
1000 3973 1066 4044 ita
1081 3975 1355 4048 discriminare»
1419 3979 1420 3982 ’

333 4111 379 4175 ut
408 4087 699 4170 constituantur
729 4085 875 4172 species
918 4091 1147 4186 sequentesr
1174 4081 1355 4152 acidus,

334 4211 440 4299 cuius
461 4193 709 4322 differentiae
728 4193 951 4319 peculiares
943 4195 1079 4256 aunt
1075 4173 1298 4256 ·“'acerbris
1325 4179 1356 4238 et
1419 4213 1420 4240 l
