2904 5002
217 347 332 414 seor.
352 345 415 418 111.
437 347 496 418 Dc
519 337 834 416 vsso.'111.v1sus
867 364 1097 423 sxeoucso.
1138 354 1203 442 3'95

238 485 492 556 crediderunt
511 495 683 566 veteres,
708 491 794 556 Gal
807 514 894 559 eno
914 499 1130 579 referente,
1162 502 1203 570 id

153 589 459 676 phaenomenon
480 613 498 654 e
521 613 729 660 nervorum
750 598 965 680 opticcrum
979 603 1122 668 unione
1145 607 1205 670 in·

147 693 454 778 terpretondum
475 714 566 757 esse.
602 695 679 760 Alii
703 700 814 764 unico
834 722 902 767 nos
924 707 983 768 uti
1008 707 1115 771 oculo
1133 727 1207 792 pu·

148 800 318 874 terunt,
343 795 515 882 duplicia
538 796 717 880 visuros,
738 801 771 864 si
794 808 959 888 utroque
978 807 1096 871 simul
1120 815 1206 872 ute·

148 921 303 973 remur.
325 903 476 968 Dantur
496 903 654 988 quidem
675 907 851 989 exemplo
874 907 1109 985 hominum,
1140 911 1207 994 qui

147 1009 423 1092 neglectorem
445 1010 711 1090 oculoeltero,
736 1009 816 1075 elio
836 1015 992 1076 tentum
1014 1019 1204 1092 utuntur,

147 1126 196 1190 ut
220 1119 319 1188 adeo
336 1140 355 1185 e
375 1121 549 1206 neglectu
572 1123 644 1186 hoc
668 1121 804 1198 debilis
828 1121 895 1187 ille
910 1121 1114 1205 reddetur,
1136 1128 1207 1188 aut

148 1223 275 1308 plene
300 1223 366 1288 diu
385 1243 463 1290 non
483 1224 932 1290 advertentceecitetem
950 1227 990 1290 in
1004 1227 1205 1296 oculouno

152 1321 346 1395 obortam.
377 1333 462 1424 lion
488 1338 624 1396 temen
644 1332 730 1398 ideo
752 1334 946 1397 alternum
971 1335 1074 1398 oculi
1094 1353 1207 1404 usum

151 1453 406 1503 communem
435 1457 517 1502 esse
544 1435 806 1516 censebimus,
827 1436 1018 1522 siquidem
1042 1437 1206 1503 visionis

154 1561 339 1625 campus,
357 1540 406 1606 cd
425 1561 545 1607 unum
565 1539 717 1605 oculum
742 1540 964 1622 restrictus,
990 1541 1115 1604 multo
1137 1563 1205 1606 ena

151 1651 304 1734 gustior
343 1647 465 1720 foret,
500 1651 538 1710 et
572 1644 792 1712 distinctior
825 1645 1046 1711 observetur
1076 1649 1205 1728 visus,

150 1757 324 1835 uinoque
347 1747 453 1813 oculo
472 1747 558 1832 peri
577 1747 616 1810 vi
636 1752 863 1830 cooperante
877 1747 923 1834 ”).
950 1749 1112 1814 Censent
1132 1753 1207 1816 elii

152 1873 245 1924 cum
267 1854 472 1918 Pol-teri
480 1851 492 1915 i
507 1851 641 1916 eldio
655 1894 666 1928 ,
684 1869 797 1918 exem
819 1849 920 1916 oculi
941 1852 1141 1939 utriusque
1161 1855 1205 1920 ln

152 1959 353 2042 objectum
372 1955 440 2019 sub
454 1959 557 2019 certo
571 1954 711 2040 angulo
725 1953 921 2042 (οςοπτιςον)
946 1955 1113 2022 incidere
1138 1958 1203 2022 de.

153 2067 269 2144 bere,
291 2071 335 2129 ut
350 2051 516 2148 simple'x
536 2064 739 2154 continget
752 2061 858 2127 visio.
884 2063 956 2126 Nec
972 2065 1079 2129 omni
1100 2067 1203 2129 veri·-

153 2171 257 2236 tctis
278 2167 400 2250 specie
420 2188 465 2231 ee
477 2163 664 2251 expositio
684 2171 805 2230 cereta
827 2167 1205 2250 etenimstmbones¹

149 2283 367 2363 antequem
387 2274 567 2348 melosuo
581 2269 819 2344 adsueiient,
849 2275 887 2331 et
907 2267 961 2344 ii,
987 2271 1051 2354 qui
1074 2271 1203 2336 oculos

151 2377 325 2444 arbitrio
349 2375 613 2457 distorquent,
636 2371 808 2454 digitove
834 2367 1117 2451 comprimunt,
1138 2377 1206 2435 eut

151 2505 197 2558 ex
209 2481 352 2545 morbo
365 2475 531 2565 quodem
544 2475 705 2560 cepitis,
727 2474 787 2537 vel
802 2475 878 2537 elio
900 2471 1205 2550 vitioleborcnt,

153 2605 234 2675 quo
259 2587 446 2649 alteruter
459 2579 591 2642 oculus
605 2600 623 2640 e
637 2583 745 2641 sueto
765 2577 853 2640 sede
871 2577 1120 2654 exturbatur,
1139 2579 1207 2662 du«

154 2685 281 2776 plicia
294 2683 426 2749 vident
442 2681 586 2756 omnis.¹
611 2681 664 2744 Ex
685 2699 727 2744 eo
750 2677 866 2742 etiem
890 2681 989 2743 ebrii
1002 2725 1013 2759 ,
1039 2699 1202 2766 quorum

153 2785 262 2860 oculi
275 2787 572 2860 distrahuntur,
592 2791 628 2849 et
647 2781 814 2848 nervosis
839 2780 1124 2848 adfectionibus
1148 2784 1204 2847 le·

152 2899 361 2974 bononien,
384 2889 621 2973 multiplicia
643 2907 757 2971 saepe
781 2885 926 2962 vident.

243 3083 458 3148 Counittnc
483 3095 565 3141 sem
585 3073 713 3140 tenuit
735 3074 995 3152 sententiam,
1030 3093 1052 3136 e
1074 3091 1204 3137 eecen·

155 3186 327 3256 tionibus
349 3181 645 3266 repetitam:
671 3177 843 3240 animem
873 3177 1000 3241 videre
1026 3173 1206 3255 objecto,

155 3313 237 3360 non
249 3291 377 3357 oculos
391 3333 403 3366 ,
424 3285 524 3351 hanc
536 3289 667 3349 eutem
688 3283 906 3369 simplicem
921 3301 1019 3361 esse,
1034 3279 1205 3366 adeoque

68 3450 72 3460 ,
157 3418 227 3464 nec
245 3385 435 3460 visionem
459 3409 537 3454 esse
554 3382 810 3470 multiplicem
829 3430 841 3466 ,
862 3399 1004 3471 perque
1028 3381 1208 3446 adsuetu-

160 3497 289 3562 dinem
308 3493 419 3573 fieri,
442 3497 486 3556 ut
510 3491 641 3556 enimc
663 3487 857 3572 duplicem
882 3483 983 3550 oculi
1005 3485 1205 3566 utriusque

98 3679 104 3688 ,
157 3599 374 3682 imaginem
405 3597 582 3663 inunum
611 3595 746 3679 iunget
769 3585 929 3656 visionis
959 3585 1098 3672 ideam.
1122 3583 1202 3648 ¹001.

160 3709 379 3774 Scmnnucn
400 3703 895 3774 Poeterfieldienam
926 3693 1205 3779 expositionem

154 3812 237 3877 fere
250 3807 432 3893 adoptet,
461 3809 623 3890 decenos
647 3805 838 3890 imagines
859 3793 1207 3880 objectos-umutri·

154 3935 273 4001 usque
286 3911 411 3992 oculi,
438 3913 479 3978 in
498 3914 649 3978 retineo
673 3909 875 3994 pertibus,
893 3902 969 3967 eibi
988 3905 1124 3964 mutuo
1145 3917 1205 3961 rs·

138 4007 431 4104 'spondentibus
459 4015 628 4098 depictos
644 4059 656 4092 ‚
678 4011 873 4098 simplices
884 4015 966 4074 tum
980 4003 1119 4078 videri,
1136 4001 1206 4068 ubi
1319 4043 1320 4050 κ

154 4111 283 4202 motus
305 4121 505 4199 arbitrarii,
527 4120 733 4223 utriusque
754 4115 856 4186 oculi
876 4113 916 4178 in
939 4127 1071 4216 parem
1097 4125 1203 4182 eneis
