2920 4998
506 397 510 408 .
554 339 613 404 De
640 351 801 438 sonmo.n
1004 391 1007 402 .
1140 353 1208 442 ,543

83 517 87 526 ·
166 503 237 568 pus
260 504 328 570 per
352 485 480 550 somni
502 477 655 569 tempus
679 493 727 564 ιβ
744 482 884 569 pollice
911 489 949 548 et
980 480 1148 567 amplius
1169 481 1215 548 ‘in

165 589 409 674 longitudine
435 596 595 674 augetur
623 589 674 677 ¹⁸).
718 587 887 654 Maxima
925 587 1047 651 etiam
1086 588 1213 650 incre-

115 771 118 778 ι
165 696 241 759 scit
270 695 433 760 infantis
454 697 587 778 corpus
607 693 648 757 in
669 713 831 772 somn03
853 692 955 757 unde
983 691 1117 773 pueri,
1140 689 1211 774 qui

163 816 302 881 parum
333 787 567 875 dormiunt)
589 817 709 883 parvo
738 803 899 880 manent
923 814 1109 878 corpore,
1134 777 1223 855 est·=

161 927 235 992 que
265 913 359 971 nota
400 904 655 979 observatio,
690 903 850 968 obesum
892 900 980 964 fieri
1016 919 1154 981 corpus
1187 920 1212 963 a

162 1033 298 1078 somno
335 1009 473 1074 nimio.
510 1009 666 1094 Quanta
688 1005 739 1072 sit
767 1005 1036 1090 reproductivi
1060 1023 1211 1087 proces-

159 1129 222 1177 sus
242 1115 397 1196 energia
417 1113 459 1174 in
478 1109 784 1186 dormientibus,
808 1109 972 1171 vulnera
1001 1103 1213 1169 ostendunt

168 1215 378 1294 sinisera,
405 1235 500 1301 quae
522 1233 590 1299 per
610 1231 730 1277 unam
761 1217 939 1287 noctem,
967 1210 1124 1296 plecido
1146 1233 1211 1276 so·

162 1317 543 1398 mno¹transactem,
574 1319 697 1380 multo
733 1315 898 1400 majores
933 1311 1131 1378 cicatrices
1167 1336 1209 1376 a·

160 1432 280 1508 gunt,
303 1444 419 1511 quam
451 1443 520 1508 per
549 1421 629 1486 dies
664 1422 829 1496 multas,
851 1418 1036 1504 inquietis
1059 1418 1210 1501 vigiliis

162 1526 342 1610 agitatas.
373 1525 498 1592 Morbi
534 1527 732 1608 praeterea
762 1543 848 1587 vare
882 1519 1206 1596 inflammatorii,

160 1641 205 1694 ut
226 1632 340 1695 toties
363 1627 511 1712 experti
537 1613 689 1702 sumus,
709 1623 837 1689 somni
859 1622 1089 1707 praeprimis
1110 1632 1209 1688 tem·

162 1753 256 1816 pore
281 1734 460 1798 homines
482 1725 694 1804 invadunt,
713 1736 779 1793 aut
798 1729 955 1814 novitus
978 1730 1210 1794 exacerban-

159 1833 287 1900 turin
311 1833 609 1900 dormientibus·
631 1831 898 1896 Resoluiiones
921 1831 1087 1915 denique
1110 1851 1211 1897 mor-

158 1937 376 2016 borum,et
401 1914 514 2000 crises
554 1934 744 1998 salutares
775 1935 839 1996 vel
867 1930 1046 1997 infelices
1076 1932 1207 2030 somni
1330 1937 1333 1948 '

157 2045 329 2126 tempore
352 2038 630 2124 utplurimum
652 2035 851 2101 adcidunt.

239 2188 433 2252 Salutares
454 2189 583 2250 autem
597 2182 677 2247 -hos
695 2177 853 2246 effectus
875 2201 1033 2248 somnus
1049 2191 1206 2256 tantum

152 2286 360 2370 placidus,
389 2294 427 2350 et
457 2287 681 2349 nullatanus
723 2285 973 2365 perturbatus
1014 2277 1202 2370 praestat.¹

155 2393 194 2456 si
216 2412 307 2454 vero
335 2388 536 2455 morbosus
568 2386 711 2468 suerit,
733 2391 796 2453 vel
832 2373 1118 2456 narcoticorum
1147 2395 1203 2459 ef·

153 2494 258 2556 fectu
275 2491 478 2557 suscitatus
490 2537 501 2570 ,
523 2493 583 2556 val
607 2512 677 2575 per
697 2493 877 2560 stimulos
906 2493 1033 2560 varios
1054 2499 1093 2560 et
1114 2495 1203 2564 eau-

46 2671 48 2675 ,
139 2611 213 2663 ‘sas
238 2583 434 2674 externas,
454 2599 516 2664 vel
547 2598 655 2661 intra
688 2615 825 2682 corpus
856 2598 1021 2663 latentes
1049 2604 1202 2682 pertur-

154 2704 291 2780 batus,
323 2723 410 2770 cum
435 2700 730 2789 inquietudine,
762 2721 848 2766 cum
879 2701 1021 2766 sudore
1049 2704 1199 2770 morbo·

152 2830 218 2887 so,
251 2807 315 2873 vel
348 2817 435 2872 cum
463 2806 749 2892 pollutionibus
771 2807 1001 2889 spontaneis
1033 2809 1202 2889 eonium·

148 2917 254 2988 etus,
272 2908 515 2975 lassitudinis
537 2928 690 2974 sensum
701 2949 713 2984 ,
738 2907 804 2994 qui
824 2907 1100 2974 somniculosos
1122 2931 1203 2976 mo-

146 3013 284 3098 lestat,
312 3016 540 3080 nullatenus
564 3012 736 3086 relevat,
757 3030 894 3077 verum
918 3021 1033 3096 auget
1057 3014 1198 3104 potius.

234 3155 570 3244 Quemadmodum
589 3175 768 3232 somnus,
789 3176 858 3240 per
878 3155 1022 3234 justum
1041 3161 1196 3240 tempus

147 3267 365 3348 protractus
376 3302 387 3336 ,
406 3257 489 3324 sine
508 3279 649 3344 magna
671 3260 821 3339 iactura
851 3259 1035 3326 sanitatis
1053 3263 1197 3328 mantis

150 3389 194 3432 ac
216 3367 392 3450 corporis
417 3363 565 3448 negligi
597 3383 676 3428 non
705 3369 865 3446 potest,
893 3362 951 3429 ite
985 3363 1200 3430 diuturnus

145 3473 348 3558 utriusque
377 3469 483 3536 vitae
518 3468 740 3552 energiam,
771 3467 819 3534 ob
842 3487 972 3532 causas
1009 3488 1088 3533 non
1109 3489 1195 3532 am·
1287 3543 1290 3550 ¹

145 3575 249 3658 plius
280 3572 538 3656 repetendos,
568 3569 791 3652 prosternit.
825 3567 1030 3635 Patiuntur
1060 3575 1196 3637 autem

143 3674 378 3762 praeprimis
397 3674 615 3756 sensiferae
639 3675 876 3740 functiones:
907 3672 1111 3738 adducitur
1130 3695 1192 3740 so·

142 3779 362 3845 mnolentia
394 3783 607 3861 perpetua,
641 3777 743 3860 perit
779 3796 965 3842 sensuum
1003 3797 1192 3856 acumen,

93 3909 96 3917 ·
144 3879 404 3946 debilitantur
440 3878 539 3952 vires
570 3883 830 3956 musculares,
863 3877 1016 3943 adcedit
1045 3879 1191 3944 mentis
1275 3865 1279 3874 ⁸

141 3981 366 4062 hebetudo,
397 3988 437 4047 et
464 3982 666 4048 emollitur
704 4001 838 4065 eorpus
874 3986 1002 4044 totum
1037 3979 1114 4057 ita,
1143 3989 1189 4049 ut

140 4087 261 4154 nullis
309 4087 512 4177 laboribus
548 4083 793 4177 gravioribus
822 4084 990 4153 ferendis
1020 4079 1193 4174 amplius·

139 4191 385 4278 respondeat.
