2904 5002
198 365 313 446 sacr.v
328 374 385 445 iv.
406 377 466 444 De
486 351 641 446 cunrru.
664 375 692 446 1.
712 389 873 446 onorat
895 385 1072 446 cunrroe.
1125 387 1192 460 aaa

141 537 235 588 men
247 541 315 608 per
326 522 492 608 retiquae
515 523 614 588 oeeie
637 524 866 610 temporalia
885 529 1012 609 partes
1029 525 1133 590 ultre
1152 543 1192 586 ee

143 625 360 692 extendunt
383 645 498 714 quam
521 627 564 692 in
583 627 755 694 homine.
787 629 830 696 ln
853 629 986 694 ceteris
1012 626 1195 692 memmi·

139 729 233 794 ferie
257 751 370 796 cavea
393 732 527 798 eadem
539 731 731 818 insignem
744 731 864 800 habet
877 731 1191 815 amplitudinem,

142 837 181 896 et
213 835 360 900 format
393 851 580 918 magnam
609 833 678 900 rub
708 833 834 919 capite
859 835 1192 920 prominentium.

143 935 309 1022 quaein
334 935 529 1018 speciebus
554 935 713 1004 divereie
735 935 884 1003 varium
905 936 1064 1010 exhibet
1091 935 1195 1020 tigu·
1249 915 1253 926 ¹
1321 1013 1325 1020 ¹

140 1055 230 1102 rem
253 1036 307 1124 ⁶).
332 1036 529 1106 Dividitur
561 1035 665 1104 idem
686 1039 866 1126 tympani
884 1057 1022 1104 cevum
1043 1056 1112 1123 per
1134 1038 1192 1102 le·

142 1139 273 1204 minae
296 1161 423 1206 ocreae
447 1143 548 1226 apud
576 1141 825 1231 quadrupeda
848 1143 1037 1208 nonnulle
1058 1140 1099 1208 in
1117 1140 1194 1206 cel·
1236 1194 1246 1227 ,s

144 1241 248 1310 iulet
272 1246 422 1327 piuree,
453 1246 557 1312 inter
581 1266 619 1309 ee
637 1244 962 1312 communicantee
981 1231 1048 1330 ⁰⁴).
1076 1244 1192 1308 Fene.

144 1355 228 1434 stra
252 1352 375 1418 oveiie
393 1353 608 1420 etrotunda
622 1351 748 1438 figura
761 1359 798 1420 et
812 1351 1081 1438 magnitudine
1093 1346 1193 1414 mul·

143 1457 233 1518 tum
250 1455 429 1535 varient,
450 1461 581 1542 estque
609 1455 798 1538 posterior
822 1455 862 1520 in
885 1451 1084 1520 nonnullis
1104 1449 1195 1516 bru.

143 1556 198 1622 tie
213 1596 225 1631 ,
249 1562 288 1621 et
305 1555 521 1642 generatim
541 1559 582 1626 in
595 1555 806 1626 carnivorie
820 1557 945 1646 major
958 1574 1074 1642 quem
1100 1572 1191 1619 ove.

63 1719 64 1726 ,
145 1659 194 1724 lie
209 1661 264 1746 a).
276 1660 383 1726 Tuba
395 1661 657 1728 Euetecbieue
672 1662 713 1728 in
727 1661 927 1748 quibuevie
949 1659 1057 1724 edeet
1068 1673 1193 1725 mam·

129 1781 131 1789 ’
146 1760 330 1828 malibue.
341 1763 578 1830 Peculierem
592 1769 723 1830 eutem
737 1765 925 1830 fabricam
937 1759 1193 1850 tympanica-

145 1887 241 1932 vum
270 1869 312 1934 in
345 1871 508 1936 ceteceie
537 1870 718 1944 exhibet,
750 1866 900 1936 lemine
924 1885 1051 1944 oeeea,
1080 1864 1121 1928 in
1151 1883 1191 1928 ee

145 1971 273 2057 ipram
297 1973 521 2050 convoluta,
545 1974 767 2040 formatum.
800 1971 910 2038 Tube
934 1967 1194 2037 Eueteobiene

146 2077 280 2160 ampla
302 2077 411 2142 estin
431 2075 494 2144 hie
514 2079 646 2144 beatiie
658 2121 669 2154 ,
691 2084 728 2144 et
747 2083 857 2162 petet
874 2079 916 2143 in
931 2095 1040 2144 neree
1063 2095 1193 2159 eupre-

145 2199 256 2254 mnr,
284 2179 439 2258 vaivuie
462 2181 652 2264 peculiari
665 2181 876 2262 instructa,
897 2187 935 2247 et
947 2178 1192 2244 videturCu·

147 2285 258 2350 vier
274 2284 321 2348 io
341 2286 793 2370 eonisiiepercipiendie,
816 2282 882 2372 qui
906 2283 947 2348 in
971 2284 1057 2347 aiire
1079 2279 1195 2343 eueci·
1290 2323 1297 2336 .

144 2391 305 2462 tantur,
330 2388 453 2472 magio
484 2388 624 2458 idonee
646 2411 742 2468 ecee,
776 2406 890 2475 quam
914 2386 1015 2452 eur'ie
1035 2389 1194 2452 externe

144 2491 201 2574 b).
226 2490 399 2558 Oeeicuia
413 2491 569 2558 auditur
590 2513 673 2560 cum
688 2491 958 2558 muecuIieeuie
979 2488 1020 2554 in
1040 2485 1194 2570 quibus·
1315 2541 1318 2546 .

36 2589 37 2594 ’
143 2593 202 2660 vie
225 2593 821 2690 memmalibuercperiunturc).

231 2749 340 2834 Apud
362 2769 450 2818 evee
475 2747 657 2840 tympani
689 2770 826 2820 cevum
853 2749 1044 2836 insignem
1073 2741 1192 2808 hebet

145 2851 464 2938 amplitudinem,
498 2859 535 2920 et
563 2855 824 2934 communicet
852 2873 939 2918 cum
958 2847 1109 2918 cellulis
1132 2865 1192 2913 oe·

78 3031 82 3044 ,
143 2961 248 3024 oium
273 2960 420 3042 cranii,
443 2979 510 3042 per
533 2979 625 3046 quae
643 2960 842 3046 utriueque
874 2957 980 3024 aurie
1003 2973 1118 3022 cavea
1150 2950 1199 3016 in

108 3049 117 3070 ’
144 3060 327 3153 plurimis
342 3057 538 3146 iungitur,
576 3065 678 3150 quod
702 3062 856 3152 quidem
879 3059 920 3126 in
941 3055 1135 3138 crpcodiio
1154 3057 1195 3118 et

148 3161 381 3248 elephante,
412 3170 465 3250 ‘ut
495 3163 702 3230 &torreor
726 3171 764 3231 et
784 3167 902 3232 Home
924 3161 1195 3238 obturarunt,

143 3284 295 3358 quoque
316 3266 467 3332 obtinet
480 3266 540 3358 d).
562 3268 671 3334 Tube
692 3247 982 3346 Eustacbianes
1006 3253 1109 3330 mere
1133 3279 1192 3326 oe·

147 3389 235 3452 eea,
267 3371 365 3440 oetio
388 3377 517 3462 empto
539 3377 580 3442 in
602 3374 797 3442 anteriore
818 3379 858 3440 et
882 3370 1067 3439 inferiore
1088 3373 1192 3454 tym-

146 3476 242 3560 pani
260 3485 369 3561 parte
392 3481 540 3558 oritur,
560 3490 598 3546 et
620 3479 796 3564 aperitur
813 3475 913 3546 oetio
933 3475 1069 3559 exiguo
1094 3487 1193 3556 pone

146 3594 258 3641 nares
278 3577 471 3663 internae,
493 3580 594 3650 rocio
612 3602 682 3650 euo
706 3582 860 3662 uicina,
883 3580 925 3646 in
947 3579 1094 3664 palato·
1124 3571 1193 3637 Fe·

147 3683 279 3743 nestra
298 3685 460 3766 utraque
480 3686 632 3752 orelam
652 3685 808 3750 exbibet
820 3681 1035 3776 ambitum,
1060 3679 1192 3759 eatque

39 3783 42 3792 ’
148 3776 331 3863 inferior,
347 3781 400 3874 ad
410 3784 606 3854 cochleam
631 3787 793 3864 ducena,
821 3783 1019 3871 superiore
1043 3776 1191 3860 major·

147 3879 189 3946 id
212 3883 314 3972 quod
332 3887 536 3972 praecipue
553 3889 592 3956 in
607 3889 742 3956 ovibus
761 3886 990 3974 rapacibus,
1012 3885 1057 3946 ut
1089 3881 1192 3944 Goer-

29 4009 32 4020 ’
149 3997 326 4052 recurri
359 3989 597 4068 obaervauit,
636 3991 863 4078 obtinete).
904 3981 1083 4052 Gaudent
1103 4000 1192 4046 evea

146 4087 262 4202 unico
278 4091 431 4160 tantuin
446 4094 601 4161 auditur
613 4097 795 4178 oeeicuio,
816 4093 951 4162 mellei
965 4099 1003 4160 et
1022 4084 1199 4182 stepeciie¹

37 4199 46 4294 ’γ
147 4195 1193 4288 recenserentemembreoemtympanicomteneetre
