2904 5002
288 393 356 472 388
443 469 453 492 f
534 371 1101 466 Lis.‚t'1.car.lv.⁴nssarso.

269 533 489 602 ‘oculorum
514 528 626 607 usus,
658 535 703 595 ut
718 529 982 608 membrorum
1004 525 1232 614 quorumvis
1254 545 1335 603 mo·

291 648 368 714 tus,
392 634 562 702 condisci
574 635 695 700 etiam
710 632 835 714 debet,
854 631 895 698 id
908 632 1009 717 quod
1024 632 1197 700 infantes
1213 640 1336 717 pstea·

291 745 392 810 dunt
416 749 453 807 et
474 739 621 820 adulti,
650 739 716 827 qui
736 739 840 804 caeci
862 759 885 802 a
908 737 1142 816 nativitate,
1165 737 1337 804 artisad·

290 845 481 917 miniculo
493 843 622 908 visum
640 840 836 926 accipiunt
855 841 907 916 b).
918 842 1089 925 Simplex
1112 839 1269 926 quidem
1281 839 1338 902 lu·

233 1013 236 1018 .
293 955 347 1018 cis
368 946 587 1035 perceptio,
620 964 718 1032 quae
740 946 895 1028 passive
915 945 995 1008 fere
1015 945 1237 1028 contingit,
1258 937 1339 1006 sine

292 1056 556 1125 musculorum
582 1049 738 1134 energia
759 1045 935 1111 adcidere
957 1051 1087 1129 potest
1099 1089 1112 1124 ,
1154 1044 1339 1110 distincta

294 1169 425 1228 autem
445 1156 546 1222 visio
570 1152 741 1216 activam
762 1149 865 1214 oculi
882 1148 1107 1231 energiam,
1131 1165 1249 1232 quam
1261 1163 1341 1209 mu*

294 1257 392 1331 sculi
422 1258 516 1323 recti
544 1257 747 1330 exserant,
782 1251 965 1336 cujusque
989 1251 1145 1314 animus
1171 1250 1341 1314 conscius

294 1370 370 1444 sit,
400 1363 560 1433 omnino
592 1356 770 1444 requirit.
812 1353 923 1418 Patet
945 1351 985 1417 id
1006 1354 1068 1416 vel
1089 1332 1217 1430 inde,
1244 1349 1341 1434 quod

295 1475 399 1534 certa
421 1462 637 1529 necessaria
661 1461 713 1524 sit
737 1455 1064 1522 viriumintentio
1077 1499 1089 1532 ,
1111 1464 1156 1520 ut
1178 1457 1340 1532 objecta,

296 1561 513 1638 minutiora
526 1563 749 1648 praecipue,
765 1558 894 1624 debite
906 1559 1210 1640 distinguamus,
1226 1555 1343 1644 quod·

297 1700 368 1766 que
391 1669 578 1738 intensius
598 1674 635 1732 et
654 1667 800 1731 diutius
817 1669 1060 1750 protractum
1083 1664 1189 1727 visus
1203 1660 1342 1726 exerci-

234 1847 240 1866 ,
294 1785 395 1849 tium
415 1779 560 1842 virium
582 1777 764 1858 sequatur
784 1773 969 1854 languor,
993 1766 1340 1853 quieteinterposi·

296 1897 361 1963 ta,
395 1891 438 1948 ut
472 1883 515 1945 in
538 1863 720 1953 musculis
748 1872 982 1938 voluntariis
1015 1877 1072 1934 ese
1099 1869 1120 1952 (
1130 1869 1285 1940 vol.lV.
1304 1885 1340 1950 p.

298 1996 383 2079 28.)
394 2033 405 2067 ,
428 1983 678 2052 sufferendus.
723 1981 888 2044 Maxime
910 1985 1041 2050 autem
1056 1973 1219 2058 adparet
1238 1992 1342 2035 ener-

184 2137 186 2142 ·
298 2099 385 2184 glae
405 2088 634 2158 muscularis
660 2086 702 2150 in
724 2085 808 2148 visu
832 2081 1005 2163 dignitas
1030 2079 1133 2162 apud
1153 2075 1341 2150 hominos,

298 2191 464 2287 quorum
483 2191 645 2258 musculi
656 2187 768 2254 bulbi
788 2186 891 2271 oculi
913 2185 977 2247 vel
991 2182 1341 2267 spasmoadficiun·

298 2313 376 2385 tur,
399 2302 460 2362 vel
472 2317 562 2360 vero
575 2289 785 2379 paralytici
798 2287 1011 2354 redduntur
1027 2309 1037 2348 r
1061 2287 1229 2368 perdunt
1242 2283 1341 2349 euim

296 2411 342 2476 hi
354 2407 483 2470 visum
498 2397 751 2475 distinctum,
774 2415 841 2459 nec
857 2395 998 2456 colores
1018 2389 1095 2454 rite
1110 2390 1340 2463 discernunt;

298 2514 428 2580 minus
449 2526 541 2568 vero
565 2503 610 2566 de
631 2497 862 2565 formalibus
876 2512 1002 2558 rerum
1017 2476 1273 2576 qualitatibus
1285 2489 1339 2568 iu·

300 2615 430 2682 dicare
450 2611 596 2674 valent.
619 2604 658 2668 Si
677 2595 768 2666 vero
790 2599 989 2664 oculorum
1009 2597 1191 2660 distorsio
1201 2591 1343 2678 longio-

297 2743 338 2788 re
358 2725 531 2800 tempore
554 2711 689 2784 durat,
715 2703 838 2768 eidem
859 2697 1200 2790 vitioadsuefiunt
1224 2694 1339 2770 lusci,

298 2808 407 2892 aliud
429 2819 505 2885 sibi
524 2817 699 2880 formant
717 2807 881 2874 visionis
902 2803 1097 2888 epatium,
1132 2811 1171 2868 et
1191 2793 1341 2866 novitus

215 2981 220 2988 -
301 2931 453 3015 objecta
474 2921 605 2988 videre
627 2915 790 2982 discunt.
835 2911 938 2994 'Quia
959 2930 1049 2974 vero
1076 2905 1338 2994 impressiones

300 3059 343 3102 ac
367 3025 624 3102 mutationes,
646 3019 803 3104 utrique
825 3014 935 3079 oculo
959 3014 1116 3092 illatae,
1151 3015 1191 3077 in
1219 3023 1339 3077 senso·

298 3143 358 3206 rio
382 3127 576 3200 communi
588 3125 775 3192 hactenus
787 3116 992 3196 uniuntur,
1014 3109 1339 3180 utanimoeodem

298 3243 416 3327 plane
436 3235 632 3300 momento
652 3225 890 3298 referantur,
912 3219 1113 3304 utriusque
1130 3216 1240 3283 bulbi
1260 3225 1337 3278 mu·

299 3345 400 3411 souli
421 3339 508 3425 pari
530 3331 687 3418 energia
708 3326 907 3412 cooperari
928 3323 1095 3400 debent,
1129 3339 1202 3408 quo
1224 3313 1338 3404 parle-

301 3458 363 3516 cta
386 3446 438 3512 sit
453 3439 564 3507 visio.
602 3436 642 3501 Si
662 3432 783 3518 igitur
796 3428 894 3493 alter
905 3417 1036 3492 oculus
1058 3423 1263 3492 strabismo
1277 3413 1338 3481 ad·

299 3555 451 3626 ficitur,
473 3550 516 3608 ut
530 3539 623 3605 adeo
636 3556 724 3600 axes
735 3533 931 3598 oculorum
950 3529 1027 3594 eibi
1043 3547 1121 3592 non
1142 3517 1338 3607 responde·

305 3661 398 3736 ant,
419 3659 503 3716 tum
521 3642 584 3709 vel
602 3639 779 3705 confusus
794 3633 919 3700 oritur
930 3632 1057 3706 visus,
1077 3632 1139 3696 vel
1152 3649 1243 3696 sano
1257 3627 1338 3686 tan·

298 3763 385 3824 tum
406 3750 518 3818 oculo
541 3742 649 3808 videt
679 3741 817 3805 luscus.
862 3731 1016 3800 conscii
1046 3731 1167 3814 igitur
1191 3729 1236 3793 de
1257 3737 1335 3790 mu*

251 3865 253 3869 ’
301 3858 496 3926 oculorum
514 3834 696 3922 actione,
730 3859 805 3928 qua
827 3837 957 3903 oculus
980 3833 1165 3919 inspectis
1186 3818 1336 3908 objectis

300 3952 640 4030 adcommodatur,
663 3945 909 4012 etobscuram
920 3937 1336 4014 neforshabentesper·

300 4066 519 4152 ceptionem
557 4071 691 4120 aarum
713 4032 997 4125 mutationum,
1037 4043 1195 4130 quaein
1216 4021 1335 4102 ciliari

302 4186 459 4252 corpore
481 4156 691 4235 adcidunt,
716 4144 977 4225 causationes,
1004 4165 1098 4232 quas
1120 4143 1334 4212 retinasug·

247 4291 250 4298 ·
300 4274 428 4363 gerit,
460 4285 547 4339 eum
567 4261 617 4328 iis
638 4256 947 4347 perceptionibus
978 4252 1233 4323 conferimus,
1265 4245 1333 4320 (1¹¹⁰

1217 4385 1227 4436 r·
1311 4419 1313 4426 .
