2904 5002
173 375 175 382 ι
238 340 360 416 Sscr.
380 340 442 414 111.
462 343 520 416 Du
539 349 724 422 vosu'm.
744 369 1100 435 vssussxrossrso.
1143 391 1207 460 397
1283 447 1288 458 ,

133 501 280 660 pervp
300 496 340 660 pt
360 495 522 565 obscure
534 538 547 578 ,
568 520 665 588 quse
693 506 805 572 oculo
828 512 987 599 propius
1002 516 1208 590 admovere

136 611 250 679 opor
279 617 329 661 e.

252 759 291 832 ⁰)
312 741 484 822 umuuu':
500 761 900 860 ulem.psys101.v.p.49c‚

624 987 654 1061 §-
673 991 749 1068 518·

393 1208 608 1298 Myopic.
631 1208 972 1305 Pr‘esbyopia.

236 1439 388 1524 Quibus
408 1442 570 1508 visionis
582 1451 769 1531 punctum
785 1453 867 1514 tem
888 1469 1026 1534 perum
1045 1452 1094 1518 ab
1114 1401 1205 1520 ocu·
1251 1497 1253 1502 -

138 1551 184 1614 io
213 1545 360 1629 distet,
387 1556 430 1615 ut
450 1549 514 1614 vix
528 1551 576 1614 ed
587 1567 608 1636 5
621 1553 780 1636 pollices
810 1555 994 1622 distincte
1014 1557 1201 1636 videant,

21 1677 23 1682 ·
137 1673 350 1741 myopes
374 1654 568 1723 dicuntur.
596 1665 760 1727 Causam
775 1661 975 1741 ejusrvitii
988 1664 1203 1749 mejorpel-

139 1758 372 1828 lucidarum
387 1767 488 1830 oculi
499 1763 673 1850 partium
690 1770 811 1833 moles
824 1767 1053 1850 coustituit,
1073 1775 1111 1834 et
1121 1789 1204 1835 mu·

79 1913 82 1920 -
139 1869 207 1954 jor
230 1865 437 1950 frangendi
458 1867 551 1932 viss·
569 1871 671 1935 ocull
696 1869 1039 1954 prominentiores,
1065 1891 1203 1937 corneo

137 1978 180 2041 et
199 1971 284 2035 lens
308 1972 534 2056 crystallino
554 1974 677 2057 magis
711 1989 927 2051 convexae,
955 1994 1090 2060 corpus
1118 1995 1204 2060 cry·

122 2064 357 2142 'stellinum
379 2080 503 2164 magis
522 2077 705 2157 densum,
728 2087 767 2144 et
788 2081 945 2146 uberior
965 2079 1139 2146 humoris
1158 2102 1201 2146 e·

141 2181 240 2269 quei
263 2203 305 2246 ac
323 2182 441 2248 vitrei
466 2182 587 2268 copis.
610 2184 675 2260 His
700 2186 804 2250 enim
820 2185 1011 2265 efficitur,
1030 2195 1074 2254 ut
1096 2187 1200 2254 rodii

141 2288 193 2352 sd
215 2288 538 2372 perpendiculum
565 2291 689 2376 magis
714 2291 857 2368 fructi,
887 2291 1098 2374 sicorpore
1116 2292 1200 2357 lue·

139 2393 228 2460 rint
248 2395 484 2473 remotiora,
514 2395 557 2490 in
585 2395 716 2460 focum
735 2397 872 2464 coeant
890 2402 981 2464 ente
1003 2398 1199 2479 retinam,

138 2502 329 2586 visusque
352 2498 559 2566 distinctus
579 2497 835 2584 impedietur,
863 2499 1046 2585 propiore
1065 2507 1195 2567 sutem

141 2605 296 2687 objecta
308 2607 407 2670 hene
418 2593 636 2670 videantur.
648 2602 927 2672 Docsutetiam
943 2602 971 2666 B
984 2623 1034 2668 oe
1045 2605 1103 2670 rh
1118 2623 1141 2667 s
1154 2625 1197 2670 e·
1231 2668 1233 2673 .

140 2709 222 2777 vii
245 2716 283 2775 et
303 2705 668 2775 Porterfieldii
696 2699 1007 2785 ohservationes,
1037 2725 1195 2792 myopes

140 2815 324 2895 objecta
320 2811 470 2912 major-c
489 2812 632 2888 videre,
655 2809 755 2898 quod
780 2809 935 2898 quidem
959 2811 1104 2878 mirum
1119 2831 1197 2878 non

143 2927 216 2998 eet,
241 2915 434 3004 srqurdsm
451 2915 552 2982 redu
572 2913 711 2982 lortius
731 2905 1195 2998 refract1,¹inquefocum

86 3081 88 3086 .
140 3022 412 3090 enteretinem
424 3015 612 3102 collecti,
600 3037 641 3082 m
654 3016 842 3097 majorem
856 3016 1013 3100 egulum
1029 3012 1196 3082 discede·

14 3201 15 3206 ἵ
141 3133 245 3192 rect
272 3125 453 3205 maiorem
475 3125 695 3189 icunculem
715 3124 883 3218 formare
898 3119 1075 3184 debeant.
1099 3116 1191 3188 Inde

143 3231 269 3315 igitur
287 3235 354 3305 eet,
368 3230 466 3316 quod
478 3247 647 3312 myopes,
659 3248 700 3292 nr
690 3201 1065 3309 'emblyopiesimul
1078 3219 1194 3301 adsit,

142 3337 299 3400 minute
312 3331 615 3419 objectemelius
628 3326 889 3412 distinguant,
911 3345 1026 3410 quem
1049 3325 1101 3404 ii,
1126 3327 1216 3415 qui‘

140 3437 290 3521 longius
320 3438 467 3506 vident.
488 3435 587 3523 Quia
604 3432 796 3508 inientes,
821 3450 969 3514 semper
991 3431 1194 3519 feremyo·

141 3540 385 3627 pes‚mdiora
404 3539 559 3617 vident,
582 3560 625 3603 eu
640 3543 766 3604 eetete
786 3536 955 3601 visarum
980 3555 1110 3600 rerum
1132 3555 1192 3600 re·

142 3642 316 3714 cordetlo
337 3643 561 3730 grandiores
575 3645 704 3718 refert
726 3639 924 3727 imagines·
949 3633 1107 3706 Videtur
1131 3645 1191 3706 ts·

137 3765 227 3811 men
239 3762 391 3830 “corpus
404 3749 586 3830 grandius
601 3744 726 3814 adulti
737 3743 910 3810 hominis
923 3736 1074 3828 aliquid
1086 3744 1191 3808 fece·

140 3853 240 3920 read
251 3852 291 3918 id
300 3851 505 3920 discrimen
519 3852 729 3939 ,siquidem
745 3857 969 3925 consuetum
981 3847 1091 3914 nobis
1111 3845 1188 3926 sit,

138 3977 269 4024 rerum
281 3959 523 4022 externarum
534 3944 845 4040 magnitudinem
860 3971 946 4016 cum
960 3949 1085 4016 nostri
1106 3969 1188 4014 cor·

140 4063 246 4146 poris
275 4061 454 4146 pertibus
484 4062 676 4140 conferre,
720 4065 758 4124 et
776 4057 1045 4124 membrorum
1075 4061 1186 4123 motu
1297 4107 1300 4115 .

138 4162 343 4256 distentius
363 4169 402 4235 et
415 4161 674 4242 drmeusrones
691 4141 831 4232 metiri
849 4157 913 4248 (tt
926 4154 1007 4242 476
1017 4160 1123 4251 488)
1210 4241 1213 4246 ,
