2898 4996
324 393 433 458 sscr.
457 391 484 459 1.
508 391 699 456 Dsssssv
718 399 936 454 consenso·
1130 401 1192 474 sss

145 561 246 631 quae
265 539 492 606 recentiores
514 537 757 620 collegerunt
776 533 854 600 fide
881 532 1104 617 dignissimi
1125 533 1191 600 oo.

145 649 384 722 servatores,
406 641 613 706 manifeste
626 638 815 722 probant,
839 637 960 702 alium
972 639 1191 719 plane'red.

147 747 188 814 di
209 746 407 812 hominem
430 747 473 808 in
493 747 566 812 hoc
590 749 718 824 statu,
741 741 778 806 'et
802 744 844 814 in
860 743 940 806 alia
959 747 1194 812 tumaxiste'·

148 878 192 925 re
211 856 401 920 relatione
426 871 512 918 cnm
529 851 640 918 rebus
659 849 839 914 externis.
862 847 1066 914 Excitatur
1084 852 1191 916 eninr

143 959 428 1032 coenaeslhssis
442 957 554 1037 adeo,
577 955 806 1020 assensibus
829 955 1091 1020 cerebralibus
1111 953 1192 1020 vel·

143 1065 189 1124 nt
210 1059 415 1142 insopitis,
449 1076 808 1142 corporeusssensus
831 1077 964 1122 eorum
984 1057 1086 1159 seret
1107 1077 1192 1119 mu·

146 1183 241 1229 nera
253 1207 265 1239 ‚
289 1168 543 1249 externasque
563 1161 729 1245 recipiat
740 1163 1192 1246 impressiones.Etenim

147 1270 251 1334 oculi
271 1268 333 1330 vel
352 1265 599 1344 clausisunt,
624 1271 684 1330 vel
695 1288 785 1332 vero
800 1268 947 1352 aperti,
971 1273 1008 1331 et
1021 1273 1104 1330 tum
1118 1268 1193 1330 im·

148 1371 312 1442 mobiles
333 1369 609 1444 advertuntur,
632 1368 835 1454 necigitur
855 1369 900 1432 ad
924 1369 1076 1450 obiecta
1097 1367 1194 1434 diri·

145 1459 186 1564 'gi
209 1480 379 1564 possunt.
426 1465 606 1538 cohibita
627 1469 713 1548 dein
734 1471 1008 1548 musculorum,
1032 1470 1195 1554 quibui·

148 1585 217 1648 bos
235 1587 395 1664 regunt,
419 1581 595 1658 actione,
618 1585 663 1642 ut
683 1575 705 1662 (
713 1584 742 1656 §.
751 1576 858 1662 486.)
881 1575 959 1651 iam
972 1573 1193 1659 attigimus,

147 1703 292 1771 suoque
315 1683 398 1747 loco
420 1681 576 1746 uberius
589 1699 846 1764 exponemus,
870 1679 974 1744 visus
987 1677 1087 1742 iners
1106 1676 1191 1742 red·
1240 1731 1243 1749 ,

146 1789 265 1853 ditur.
299 1785 366 1850 His
389 1783 562 1865 adesdit,
585 1783 775 1868 pupillam
798 1783 1026 1856 dilatatam,
1049 1780 1192 1846 streti-

146 1915 240 1958 nam
260 1911 369 1958 sensu
395 1889 488 1953 adeo
511 1887 742 1952 destitutam
764 1905 869 1964 esse,
905 1893 949 1952 ut
971 1907 1015 1948 sa
1036 1883 1192 1948 admoto

145 2000 328 2064 candelae
347 1996 496 2061 lumine
506 1991 611 2062 haud
626 1993 896 2057 contrahatur.
918 1993 1191 2078 Deniqueper·

140 2098 555 2184 agunt'somnambuli
583 2112 743 2160 munera
762 2097 875 2160 varia
896 2094 937 2158 in
950 2095 1102 2158 stimma
1121 2115 1191 2158 no·
1239 2125 1264 2166 ν,

145 2202 218 2268 ctis
244 2202 421 2284 caligine.
465 2184 671 2266 Peculiaris
684 2199 806 2264 etiam
820 2203 875 2263 sst
888 2196 1188 2278 animadversio,

142 2293 1190 2390 hypnobatasnonomniavidere:scribareenimnon·

143 2429 344 2495 nunquam
375 2409 451 2473 visi
480 2413 593 2482 sunt,
627 2403 846 2472 atramento
871 2405 949 2484 ism
978 2404 1198 2484 exhausto,

146 2513 347 2578 candelam
367 2509 515 2589 iamdiu
527 2510 728 2578 ardentem
742 2507 949 2574 accendere
961 2517 1032 2574 etc·
1076 2506 1193 2572 sudi·
1266 2575 1269 2584 ,

145 2625 208 2682 tus
233 2617 353 2681 etiam
386 2620 424 2680 et
454 2621 605 2690 tactus,
638 2619 819 2679 consueta
847 2613 985 2678 saltem
1013 2614 1192 2694 ratione,

141 2741 220 2785 non
243 2725 453 2805 operantur
465 2765 476 2800 ‚
498 2725 772 2803 estquessnsue
796 2720 837 2786 in
860 2715 1076 2782 universum
1096 2717 1190 2782 hac-

139 2831 253 2889 tenus
282 2825 478 2902 mutatus,
522 2829 565 2888 nt
595 2844 664 2900 ea,
704 2841 802 2907 quse
836 2821 1095 2902 dormientes,
1125 2821 1188 2886 vel

143 2916 275 2996 animo
291 2917 602 3013 obstupescentes
614 2927 780 2992 excitare
791 2928 940 3004 solent,
959 2927 1095 3014 frigus,
1107 2947 1198 3010 per·

143 3035 268 3115 fusio,
298 3031 530 3098 inclamatio
550 3039 642 3109 etc„
675 3034 717 3097 in
735 3031 1017 3098 somnambulis
1037 3051 1115 3098 non
1132 3049 1194 3098 ra·
1307 3053 1311 3064 ’

143 3161 187 3206 ro
210 3135 351 3204 effectu
371 3144 539 3236 careant.

146 3367 151 3374 ,
224 3303 320 3380 Cum
348 3302 688 3370 somnamhulismi
717 3304 953 3370 accessiones
983 3297 1193 3370 subsertis
1223 3375 1226 3382 ,

143 3410 259 3474 lunas
283 3406 495 3491 phasibus,
526 3408 748 3497 etquidem
778 3409 986 3492 plenilunii
1015 3415 1193 3502 tempore

143 3512 360 3594 plurimum
377 3511 557 3595 redeant,
576 3532 662 3580 cum
674 3517 792 3578 noctu
812 3512 1038 3597 praeprimis
1056 3512 1089 3577 ii
1101 3531 1197 3578 oom-

143 3603 280 3700 1inrera
300 3617 451 3682 soleant
474 3616 638 3682 insultus
651 3661 662 3694 ,
693 3632 778 3680 cum
804 3616 956 3702 eclipsis
981 3618 1098 3684 lunae
1110 3659 1122 3694 ,
1152 3617 1198 3684 in

144 3720 347 3803 periodum
369 3721 483 3804 hujus
502 3719 731 3787 adfectionis
751 3721 949 3800 incidens,
982 3721 1197 3788 interrum-

89 3845 94 3852 “
142 3842 235 3906 pere
254 3823 443 3890 insultum
455 3824 601 3905 soleat,
623 3824 1103 3912 cumqueindividuahuic
1123 3824 1193 3890 ad·

142 3925 308 3992 fectioni
330 3928 498 4012 obnoxia
520 3930 654 3995 lunam
670 3932 879 4016 vigilantes
898 3923 1197 4018 quoque'intuee

143 4030 178 4098 ri
205 4039 362 4114 ornent,
391 4039 432 4098 et
450 4035 672 4115 fateantur,
693 4037 762 4102 ubi
783 4040 826 4104 in
848 4038 1108 4122 magneticum
1133 4037 1200 4104 in·

141 4136 278 4204 cidunt
294 4157 503 4218 somnum,
525 4159 650 4206 amore
676 4163 715 4207 se
735 4141 1063 4229 aliquocompelii
1084 4148 1193 4207 etat·
1291 4143 1298 4154 '

141 4241 250 4310 trahi
272 4263 296 4308 a
317 4244 433 4315 lunas
455 4243 526 4308 cel.
546 4241 732 4310 susem
764 4263 919 4310 causam
939 4239 1055 4332 hujus
1075 4245 1198 4330 plrae-
1291 4243 1298 4258 ’
