2904 5002
296 383 359 466 38⁶
551 375 638 444 Lrs.
659 375 708 444 11.
730 370 1129 468 castanearum.

295 525 549 610 subsequente
564 527 703 607 ¹aetate
728 541 794 603 per
816 505 1036 587 uberiorem
1052 522 1118 586 'sui
1135 517 1325 606 oxydatio·

301 647 406 702 nem,
421 646 565 714 perque
581 624 927 708 metamorphosim
943 625 1117 705 vitalem,
1129 625 1241 708 paulo
1252 627 1333 685 ante

298 725 351 812 (ὅ.
362 729 453 814 513.)
479 727 885 810 commemoratam*).
912 727 1081 811 Longior
1107 747 1194 791 usus
1212 726 1330 809 requi·

225 855 230 870 “
294 833 420 912 titur,
443 837 487 896 ut
508 831 699 896 diversam
723 830 818 894 lucis
839 831 1123 914 quantitatem,
1150 851 1169 891 e
1188 826 1331 911 punctis

294 933 416 1000 variis
440 933 610 1013 ejusdem
639 934 808 1016 corporis
839 933 1130 1012 dimanantem,
1159 937 1225 994 aut
1247 945 1329 992 vero

292 1061 316 1104 e
340 1039 502 1104 diversis
525 1038 684 1122 objectis
696 1036 828 1101 eodem
842 1041 1037 1100 momento
1050 1038 1110 1099 vel
1120 1035 1229 1101 vario
1239 1037 1331 1094 tem·
1432 1027 1433 1046 ³

293 1163 387 1227 pore
407 1143 448 1205 in
462 1142 590 1206 oculos
603 1131 879 1224 adpellentem,
893 1137 1108 1219 dijudicare
1127 1139 1330 1203 valeamus.

292 1246 382 1312 Inde
400 1239 613 1326 igiturest,
642 1242 743 1330 quod
763 1242 866 1304 caeci
887 1260 909 1302 a
927 1241 1162 1320 nativitate,
1186 1239 1253 1303 ubi
1273 1256 1331 1299 ce·

291 1353 442 1412 taranta
476 1346 652 1431 deposita
680 1345 808 1411 visum
837 1343 1059 1426 accipiunt,
1091 1365 1223 1411 verum
1258 1341 1332 1423 ejus
1432 1399 1433 1422 χ

294 1472 424 1518 sensus
437 1472 545 1518 usum
564 1450 680 1516 initio
699 1469 776 1513 non
796 1446 967 1513 habeant
980 1449 1067 1532 “),
1092 1449 1269 1534 quodque
1279 1446 1332 1507 in-

293 1563 422 1628 fantes
436 1560 685 1644 tectupotius
697 1563 860 1621 utantur
872 1555 919 1622 ad
939 1559 1194 1639 explorandas
1210 1573 1332 1622 rerum

293 1664 504 1750 qualitates
524 1661 579 1744 (§.
593 1666 696 1746 489¹).
718 1659 870 1724 iteratis
895 1661 1025 1740 enim,
1051 1668 1089 1726 et
1107 1660 1256 1745 saepius
1277 1660 1331 1721 in·

291 1768 415 1830 vicem
438 1765 584 1829 collatis
596 1759 908 1846 impressionibus
920 1781 1012 1845 opus
1026 1769 1103 1838 est,
1126 1770 1170 1830 ut
1189 1759 1331 1847 quosvis

290 1868 455 1953 gradus,
478 1862 684 1928 candidam
705 1864 831 1925 lucem
856 1870 894 1926 et
906 1865 1084 1934 tenebras
1098 1861 1331 1930 interceden-

290 1975 368 2046 tes,
389 1964 673 2045 discernamus,
697 1963 884 2048 debetque
904 1986 1033 2030 sensus
1054 1964 1268 2032 communis
1286 1962 1331 2026 ad

292 2074 461 2159 aliquem
476 2070 729 2155 perfectionis
751 2070 914 2155 gradum
929 2079 1131 2153 provectus
1144 2075 1221 2156 jam
1235 2091 1329 2145 esse,

228 2183 233 2193 ‘
289 2181 334 2240 ut
347 2162 581 2238 sensationes
592 2214 605 2250 ,
629 2173 711 2238 luce
722 2174 936 2253 suscitatas,
949 2169 1135 2240 distincte
1147 2169 1330 2261 percipia-

288 2293 388 2341 mus.
1110 2277 1115 2358 t

370 2429 495 2494 Multo
529 2429 607 2509 iam
629 2429 812 2496 subtilior
833 2435 870 2494 et
894 2408 1017 2517 magis
1039 2431 1252 2517 composite
1275 2433 1329 2494 est

290 2531 463 2596 colorum
485 2534 709 2616 perceptio,
737 2554 937 2620 quaecum
962 2537 1181 2600 sensatione
1204 2535 1326 2600 inten-

287 2633 404 2700 tionis
420 2633 614 2710 diversae,
630 2653 705 2720 qua
717 2638 784 2700 lux
799 2638 926 2700 oculos
940 2645 1088 2702 nostros
1100 2638 1210 2718 ferit,
1230 2637 1267 2699 id
1278 2633 1329 2697 ef·

202 2781 204 2786 -
284 2737 392 2815 ficit,
427 2742 471 2800 ut
503 2737 684 2801 formales
713 2759 842 2804 rerum
873 2741 1083 2824 qualitates
1113 2740 1328 2822 distingue·

286 2859 386 2907 mus.
410 2841 640 2924 Longiorem
660 2861 768 2904 usum
787 2843 958 2925 requiri,
977 2849 1021 2905 ut
1040 2843 1211 2905 colorata
1233 2841 1326 2904 lucis

284 2945 458 3011 stamina
488 2944 775 3021 discernamus,
797 2945 970 3028 exempla
996 2929 1134 3010 dotent
1155 2947 1329 3030 superius

285 3056 328 3128 (ς.
351 3050 699 3132 510.)m·em0rate.
730 3046 873 3131 Maiore
902 3067 993 3111 vero
1021 3050 1204 3112 exercitio
1237 3064 1326 3130 opus
1432 3117 1433 3120 Ἴ

284 3157 367 3230 est,
386 3156 429 3215 ut
441 3157 628 3232 punctum
642 3145 802 3234 quodvis
823 3149 1045 3227 icunculee,
1062 3147 1102 3212 in
1123 3153 1249 3216 retina
1266 3147 1326 3213 de·
1432 3173 1433 3196 1

279 3255 408 3338 pictae
431 3252 586 3337 (§.513.)
610 3270 676 3315 seu
698 3253 935 3342 mutationes
957 3250 1160 3330 infinitas,
1201 3253 1324 3319 eidem

280 3374 444 3420 nerveae
458 3354 613 3416 tunicae
626 3353 758 3418 illatas
771 3395 783 3430 ,
807 3353 941 3419 eodem
952 3356 1067 3440 plane
1081 3356 1230 3438 ordine,
1252 3373 1324 3445 quo

280 3477 305 3521 a
326 3454 440 3518 rebus
454 3450 617 3518 externis
641 3463 860 3538 ponuntur,
888 3456 1017 3520 animo
1041 3459 1323 3542 percipiamus,

277 3558 362 3623 sine
393 3572 464 3639 quo
495 3553 591 3619 visio
616 3556 839 3622 formalium
863 3556 1098 3645 qualitatum
1128 3558 1323 3645 possibilis

275 3661 381 3730 haud
398 3664 466 3724 est.
490 3660 715 3742 Quaautem
730 3661 964 3725 rationefiet
975 3705 986 3739 ,
1007 3668 1052 3726 ut
1070 3663 1323 3739 mutationes,

275 3785 343 3850 per
363 3759 503 3843 obiecti
516 3763 724 3845 imaginem
747 3765 898 3828 retinas
915 3747 1047 3829 illatae
1058 3807 1070 3842 ‚
1094 3765 1226 3831 eodem
1240 3765 1323 3850 pla·

272 3888 322 3932 ne
343 3864 500 3940 ordine,
545 3885 617 3952 quo
653 3865 923 3952 contigerunt,
965 3867 1119 3934 animae
1150 3855 1319 3934 referan-

167 4014 170 4023 -
271 3979 360 4047 tur,
386 3972 455 4035 cel.
477 3971 699 4034 srerrnucu
719 3970 914 4035 illustrare
931 3975 1096 4056 satagit,
1123 3978 1318 4036 statuenes

270 4075 532 4141 internum
553 4071 791 4138 visionis
815 4075 1038 4158 spatium
1062 4077 1103 4141 in
1119 4075 1315 4142 conscien-

269 4182 329 4246 tia
348 4183 481 4244 nostra
501 4175 811 4246 debereformari
821 4222 835 4260 ,
857 4177 1115 4267 u'tspeoifi'cae
1133 4180 1322 4250 sensatio-
1364 4218 1366 4231 ι
