2904 5002
285 388 348 458 sto
378 363 380 370 ’
513 421 516 428 .
547 371 634 440 Lnr.
655 371 704 440 11.
724 369 815 468 cer.
831 369 890 436 lv.
909 367 967 434 Dr
987 379 1119 462 seusu.
1150 460 1155 466 .

283 541 387 607 gua,
419 520 621 618 intmotus
652 514 907 582 oscilletorios
935 512 1030 598 poni
1056 501 1173 578 iacile
1201 515 1335 596 possit.

273 623 541 706 ·ssomponitur
572 642 616 685 ea
648 621 782 686 tunica
814 622 980 705 quatuor
1013 621 1335 698 membranarum

284 727 446 816 stratis,
464 723 643 814 copiosis
650 723 833 788 vasculis
864 723 1121 808 sanguinaria,
1153 725 1336 789 arbuscu-

262 834 361 900 'iam
374 830 639 922 referentibus,
650 849 673 890 e
685 833 826 892 centro
829 825 878 891 ad
887 826 1149 912 peripheriam
1157 871 1168 906 ,
1190 835 1232 894 et
1245 832 1336 897 inde
1356 893 1359 902 ,

184 967 188 970 ·
283 938 332 1003 ad
355 913 859 1010 centrumdecurrentibus,
881 933 1132 1013 etinvicem,
1153 937 1336 1002 utiniri·

48 1088 52 1098 ,
173 1093 176 1106 ,
283 1043 329 1105 de
354 1043 412 1125 (ς.
432 1045 535 1126 5ου.)
558 1035 634 1114 est,
671 1038 911 1114 anastomosi
939 1037 1100 1123 junctis,
1132 1047 1335 1125 perrepta

281 1151 336 1212 tis
358 1148 417 1238 q).
439 1149 582 1212 intima
595 1146 670 1212 duo
691 1144 1014 1227 strataperiosteo
1032 1145 1217 1228 tympani
1231 1163 1336 1208 mea-

243 1277 246 1282 ·
284 1258 423 1336 tueque
445 1247 633 1314 auditorii
651 1249 904 1326 sermenem
933 1245 1088 1312 adcedit
1109 1239 1310 1312 cuticulae
1322 1289 1335 1324 ,

283 1363 457 1420 mestum
483 1343 722 1417 auditorium
736 1351 957 1418 .vastientis
979 1341 1211 1435 productio,
1238 1367 1337 1437 quae

281 1461 469 1525 extimam
494 1461 570 1545 ejus
589 1458 736 1527 faeiem
752 1453 881 1532 velat3
915 1453 1140 1524 interiorem
1163 1455 1335 1542 denique

283 1566 426 1630 faciem
444 1581 620 1636 mucosae
639 1553 797 1625 tunicae
819 1555 972 1624 subtilis
992 1559 1161 1642 pagina,
1184 1581 1208 1622 a
1230 1566 1334 1643 tym·
1361 1579 1364 1582 ·

285 1667 380 1751 pani
401 1685 493 1730 cavo
514 1663 700 1747 producta
720 1660 848 1728 vestit.
872 1661 1236 1746 Copiosipraeterea
1247 1681 1334 1725 ner·

285 1785 426 1831 vorum
438 1764 593 1842 surculi,
606 1765 716 1827 nervi
726 1763 879 1827 facialis
890 1756 1136 1848 propagines,
1157 1763 1200 1827 in
1214 1779 1335 1826 mem·
1383 1768 1388 1777 '

285 1869 408 1934 brana
428 1867 609 1950 tympani
631 1866 905 1951 disperguntur
917 1910 928 1943 ‚
955 1865 1057 1930 unde
1075 1885 1213 1945 sensu,
1245 1883 1333 1928 acu·

286 1973 387 2035 tiore
410 1969 538 2034 adhue
561 1990 673 2056 quam
685 1979 832 2036 meatus
847 1969 1065 2035 auditorius
1081 1975 1274 2058 ‚gaudem
1296 1971 1337 2031 et

285 2074 393 2138 laesa
413 2075 577 2154 tussim,
597 2079 790 2140 vomitum
810 2082 848 2139 et
861 2075 1043 2158 graviora
1064 2076 1190 2142 adhuc
1212 2073 1333 2140 susci·

285 2184 348 2242 tat
377 2181 656 2266 phaenomena.
689 2180 870 2248 Ostendit
899 2179 1072 2265 denique
1093 2183 1331 2263 cel.·HoMu‚

285 2285 405 2360 fibras
428 2277 655 2374 musculares
669 2290 809 2366 adesse,
831 2289 982 2374 quaein
1002 2289 1242 2371 Elephante,
1266 2287 1332 2352 ubi
1423 2343 1424 2372 y

285 2393 513 2456 membrana
532 2395 715 2478 tympani
740 2395 854 2478 longe
875 2391 1040 2478 amplior
1068 2400 1124 2457 est
1152 2393 1331 2478 quomis
1423 2447 1424 2460 ,

286 2495 422 2558 ceteris
452 2496 751 2573 mammalibus',
786 2497 966 2564 distincte
996 2505 1220 2563 cernuntur.
1263 2495 1331 2560 Ad·

284 2609 423 2682 parent
441 2601 596 2666 eaedem
621 2604 662 2666 in
679 2603 838 2667 homine
858 2607 1033 2689 quoque,
1053 2600 1086 2664 si
1108 2625 1152 2666 ea
1172 2603 1307 2668 tunica
1319 2641 1331 2674 ‚
1424 2639 1425 2690 3

252 2753 256 2760 .
282 2702 459 2768 desumto
478 2703 700 2784 involucro,
723 2689 880 2782 interna
892 2691 1123 2790 praeprimis
1135 2707 1258 2784 iacis,
1280 2705 1329 2765 vi·

285 2811 348 2871 tro
379 2813 542 2890 augente
575 2790 822 2893 conspicitur.
855 2810 1072 2872 Decurrunt
1093 2807 1217 2885 fibrae
1250 2825 1333 2872 aaa·

208 2981 213 2998 ι
288 2908 375 2972 dem
397 2931 420 2974 a
441 2911 665 2996 peripheria
683 2912 822 2976 annuli
834 2909 926 3001 ossei
939 2910 986 2975 ad
1001 2909 1167 2974 mediam
1179 2911 1330 2996 tunicae

278 3020 439 3098 partam
452 3057 465 3092 ,
498 3034 574 3101 qua
594 3013 729 3080 mallei
757 3013 1006 3092 manubrium
1032 3013 1217 3080 adhaeret
1237 3011 1312 3096 η(

322 3214 325 3222 ,
370 3181 442 3242 Est
460 3178 686 3244 membrana
704 3183 885 3266 tympani
902 3177 944 3246 in
964 3182 1072 3248 foetu
1085 3184 1257 3250 humano
1276 3181 1328 3246 fe·

288 3299 330 3344 re
357 3281 579 3356 circularis,
600 3283 718 3368 plana
738 3275 870 3366 magis¹
883 3290 921 3369 et
940 3279 1068 3349 minus
1090 3292 1201 3352 tenea
1214 3299 1325 3373 quam

167 3465 170 3476 Ι
289 3386 334 3450 in
362 3385 518 3466 adulto,
554 3396 591 3453 et
624 3390 828 3466 obducitur
857 3392 958 3456 facie
983 3398 1148 3458 externa
1170 3396 1329 3477 pulposa
1412 3379 1419 3396 '

275 3491 457 3579 'quadam
486 3500 524 3558 et
556 3515 762 3564 mucosa
796 3496 999 3572 tunica,
1033 3517 1147 3583 quam
1168 3499 1324 3578 stupro

275 3615 398 3662 muco
414 3598 675 3690 condensato,
689 3602 818 3666 etalii
839 3620 908 3696 pro
930 3599 1144 3669 sedimento
1167 3593 1326 3696 liquoris

291 3695 412 3761 amnii
433 3697 741 3800 declararunts).

304 3949 307 3954 1
372 3864 598 3941 statuerunt
624 3868 718 3932 olim
742 3869 869 3952 plures
892 3888 977 3934 oum
1006 3865 1226 3970 Rivino,
1245 3881 1326 3948 per·

209 4016 212 4027 .
287 3967 394 4032 viam
427 3989 505 4033 esse
533 3973 714 4056 tympani
743 3975 1031 4058 membranam,
1073 3977 1111 4038 et
1141 3943 1326 4036 foramine

161 4113 165 4124 ·
290 4074 478 4156 peculiari
508 4076 783 4160 informatam
814 4086 869 4144 'ut
905 4080 998 4146 adeo
1031 4070 1323 4170 communicatio

294 4190 392 4262 esset
409 4184 509 4264 inter
523 4185 701 4283 tympani
723 4203 859 4266 cavum
877 4193 918 4265 et
929 4192 1098 4280 meatum
1121 4191 1324 4261 externum,
