2898 4996
367 365 371 376 ’
455 381 546 460 cnr}
571 365 858 456 1v.1›r'ssnso.
925 373 936 388 '
1127 401 1190 468 oss

126 533 422 608 solidarenst
444 534 683 620 liquidarum
713 533 934 611 diversitas,
964 531 1113 598 vicinia
1129 553 1190 599 or·

143 638 236 722 geni
258 637 384 716 maior
405 637 454 704 eil
476 639 695 716 cerebrum,
733 645 771 702 et
800 637 996 703 restrictio
1029 639 1108 722 ejus
1144 643 1193 708 ad

142 745 272 804 locum
292 741 476 820 unicum,
505 759 719 806 nervorum
742 759 920 806 vesorum
942 746 980 802 et
999 741 1192 808 musculo·

144 863 231 907 rum
254 842 472 926 oppositio,
507 833 894 908 nervus'distinctns·
907 843 1043 927 organi
1055 887 1068 918 ,
1089 863 1193 910 scum

142 965 265 1012 nervo
285 929 471 1012 auxiliari
499 947 754 1014 iri-antithesi
782 950 959 1012 existens.
1003 946 1069 1010 His
1088 951 1194 1016 enim

141 1049 386 1115 adminiculis
408 1049 597 1130 allicitur,
619 1056 663 1115 ut
683 1052 1190 1135 energiasensuseugeetur,
1267 1051 1274 1062 '

139 1151 393 1237 receptivltss
413 1153 495 1234 ejus
516 1154 568 1218 sit
590 1155 763 1218 maxima
774 1198 786 1234 ,
821 1173 895 1239 quo
917 1153 1199 1236 activitasper.

140 1261 296 1336 tempus
316 1261 355 1320 et
372 1253 544 1339 spatium
562 1256 692 1320 minus
712 1255 1014 1320 determinetur:
1039 1253 1129 1338 a‘gat
1147 1258 1190 1323 in
1231 1303 1237 1354 ἱ

143 1357 566 1444 άίεῒαιῐίαειωαιίωαο
588 1363 626 1421 et
646 1359 689 1422 in
710 1357 863 1436 obiecta
890 1359 966 1425 sibi
987 1360 1192 1444 contigua,

136 1463 181 1526 in
205 1467 351 1545 puncto
369 1463 553 1546 exigeret
575 1460 817 1544 peripherias
838 1461 1000 1540 maiores
1012 1491 1030 1544 ,·
1047 1463 1187 1562 ipcits-
1235 1457 1247 1474 ’

140 1569 208 1629 tur
233 1565 402 1649 pariter,
426 1585 491 1630 seu
509 1561 661 1645 obiecta
674 1563 751 1630 cito
762 1571 1031 1648 praetereant,
1050 1587 1116 1634 seu
1127 1587 1193 1632 ve·
1289 1635 1296 1653 x

127 1655 185 1733 'ro
208 1669 383 1753 longiore
403 1673 575 1752 tempore
598 1687 686 1736 eum
708 1669 887 1739 incitent.
964 1703 969 1712 ·

226 1809 395 1894 Quodvis
417 1829 549 1877 sensus
574 1830 747 1897 organon
761 1809 816 1877 sic
838 1822 1102 1898 comparatum
1114 1823 1187 1898 esi,

139 1919 186 1978 ut
210 1913 281 1980 uni
300 1911 489 1978 duntaxat
504 1919 544 1978 et
556 1923 682 1980 certae
703 1916 1059 2000 phaenomenorum
1073 1921 1190 2008 seriei

142 2007 388 2100 recipiendae
415 2015 653 2100 respondeat.
717 2021 839 2084 Habet
869 2019 990 2105 igitur
1015 2021 1189 2108 organon
1294 2049 1304 2066 ’

141 2139 256 2186 omne
282 2118 520 2200 peculiarem
533 2120 724 2184 fabricam
737 2163 749 2197 ,
773 2119 822 2186 ad
835 2125 934 2206 leges
948 2124 1189 2208 recipiendae

142 2243 234 2290 snas
254 2220 493 2288 efficientiae
504 2230 717 2304 structum,
739 2231 778 2290 st
795 2227 1031 2309 peculiarem
1043 2231 1190 2297 virium

139 2326 488 2401 informationem,
507 2345 620 2413 ques,
640 2345 725 2392 cum
737 2330 1085 2413 oppositeesaltem
1098 2353 1189 2420 qua·

134 2429 268 2494 litates
279 2429 321 2494 in
330 2449 370 2493 ee
381 2435 517 2494 mutuo
529 2435 649 2516 agant
659 2427 803 2517 (eeu),
817 2435 858 2498 in
872 2435 995 2518 polari
1006 2437 1200 2522 quodam·-

134 2534 250 2599 modo
288 2535 472 2600 antithesi
508 2555 595 2600 cum
628 2536 886 2622 incitamento
922 2563 990 2606 suo
1031 2545 1181 2611 existit.

68 2673 79 2694 ι
139 2638 231 2703 lnde
257 2656 344 2721 ergo
371 2643 447 2713 est,
481 2639 585 2723 quod
615 2641 905 2716 oculotantum
921 2645 1098 2712 visibilia
1119 2625 1187 2715 ob-

136 2742 263 2820 jecta,
287 2763 378 2808 aure
399 2747 482 2812 sole
503 2744 699 2823 sonitum,
725 2747 883 2812 naribus
905 2747 1039 2816 odores
1055 2758 1133 2817 ets.
1147 2773 1184 2837 p.

139 2847 340 2930 percipere
358 2848 567 2912 valeamus.
611 2845 696 2913 lion
716 2855 845 2914 tamen
865 2851 1094 2919 credendum
1117 2862 1187 2932 est,

141 2969 324 3016 sensuum
346 2951 404 3015 ita
416 2951 608 3017 diciorum
621 2955 1192 3036 externorum‘organasiccomz

137 3039 278 3138 parata
295 3072 373 3116 esse
385 3063 402 3129 ,'
430 3059 612 3118 utrerum
625 3058 869 3118 externarum
888 3054 1118 3139 qualitates,
1140 3064 1185 3126 ut

137 3156 257 3232 tales,
279 3156 494 3238 recipiant,
514 3173 810 3239 perquensrvos
825 3156 874 3220 sd
895 3175 1188 3226 communesen·
1267 3178 1274 3198 ⁸
1347 3201 1351 3210 -

138 3261 285 3328 serium
300 3262 560 3338 submittant,
581 3262 981 3334 etenimaereferant.
1023 3249 1215 3332 Suscita?

8 3421 9 3428 ,
138 3369 205 3426 tur
225 3362 328 3429 enim
352 3381 420 3446 per
439 3363 651 3446 peculiares
679 3367 923 3429 externarum
942 3355 1072 3428 rerum
1092 3379 1212 3449 qua-¹

135 3465 270 3530 litates
283 3461 606 3548 metamorphosis
617 3463 763 3539 vitalis,
783 3470 1058 3534 conuertuntur
1070 3465 1186 3545 vires,

78 3568 83 3582 '
138 3579 177 3636 et
198 3568 406 3658 prolicitur
431 3567 646 3645 bioticum,
677 3567 776 3653 quod
792 3589 860 3652 per
876 3571 1010 3632 nervos
1031 3568 1078 3634 sd
1099 3589 1184 3634 sen·
1244 3609 1248 3613 -
1314 3577 1344 3644 „⁸

138 3675 286 3742 serium
304 3674 721 3760 propagatur(§.467.),
745 3678 786 3738 et
800 3673 1082 3760 mutationem,
1110 3694 1178 3756 pe·
1282 3683 1285 3692 ’

135 3776 344 3861 riphericis
365 3796 573 3841 nervorum
594 3769 772 3847 terminis
798 3773 974 3870 illatam,
1004 3773 1181 3851 animae,

136 3875 384 3944 infinitarum
403 3876 895 3946 bioticimodificationum
909 3875 1082 3941 consciae
1092 3915 1104 3952 ,
1123 3896 1182 3941 re·
1206 3909 1209 3918 ⁴

138 3983 234 4048 fert.

218 4131 299 4197 lion
319 4129 554 4216 percipimus
576 4127 699 4212 igitur
721 4134 832 4198 sensu
846 4123 949 4208 ipsas
971 4137 1098 4190 rerum
1119 4148 1179 4194 ex.

135 4235 339 4300 ternarum
365 4230 594 4320 qualitates,
616 4224 680 4294 sed
701 4225 910 4316 qualitates
925 4225 1055 4326 potius
1069 4245 1179 4316 orge-
