<?xml version="1.0" encoding="UTF-8"?>
<!DOCTYPE html PUBLIC "-//W3C//DTD XHTML 1.0 Transitional//EN"
    "http://www.w3.org/TR/xhtml1/DTD/xhtml1-transitional.dtd">
<html xmlns="http://www.w3.org/1999/xhtml" xml:lang="en" lang="en">
 <head>
  <title>
</title>
<meta http-equiv="Content-Type" content="text/html;charset=utf-8" />
  <meta name='ocr-system' content='tesseract 3.04.00' />
  <meta name='ocr-capabilities' content='ocr_page ocr_carea ocr_par ocr_line ocrx_word'/>
</head>
<body>
  <div class='ocr_page' id='page_1' title='image "./physiologiamedi00lenhgoog_0308.png"; bbox 0 0 2946 5000; ppageno 0'>
   <div class='ocr_carea' id='block_1_1' title="bbox 136 176 269 224">
    <p class='ocr_par' dir='ltr' id='par_1_1' title="bbox 136 176 269 224">
     <span class='ocr_line' id='line_1_1' title="bbox 136 176 269 212; baseline -0.008 1"><span class='ocrx_word' id='word_1_1' title='bbox 136 183 141 190; x_wconf 87' lang='lat'>&#39;</span> <span class='ocrx_word' id='word_1_2' title='bbox 254 176 269 212; x_wconf 66' lang='lat' dir='ltr'>Q</span> 
     </span>
     <span class='ocr_line' id='line_1_2' title="bbox 158 213 163 224; baseline 0 0"><span class='ocrx_word' id='word_1_3' title='bbox 158 213 163 224; x_wconf 62' lang='grc' dir='ltr'>ἱ</span> 
     </span>
    </p>
   </div>
   <div class='ocr_carea' id='block_1_2' title="bbox 153 322 1218 470">
    <p class='ocr_par' dir='ltr' id='par_1_2' title="bbox 153 322 1218 470">
     <span class='ocr_line' id='line_1_3' title="bbox 153 322 1218 470; baseline 0.006 -33"><span class='ocrx_word' id='word_1_4' title='bbox 153 452 156 470; x_wconf 39' lang='grc' dir='ltr'>Ι</span> <span class='ocrx_word' id='word_1_5' title='bbox 279 322 913 442; x_wconf 75' lang='lat' dir='ltr'><strong>sncr.111.Duv1sr.1.enesra</strong></span> <span class='ocrx_word' id='word_1_6' title='bbox 943 385 1070 440; x_wconf 71' lang='lat' dir='ltr'><strong>visus.</strong></span> <span class='ocrx_word' id='word_1_7' title='bbox 1153 393 1218 462; x_wconf 74' lang='lat'><strong>³⁰7</strong></span> 
     </span>
    </p>
   </div>
   <div class='ocr_carea' id='block_1_3' title="bbox 132 513 1216 605">
    <p class='ocr_par' dir='ltr' id='par_1_3' title="bbox 132 513 1216 605">
     <span class='ocr_line' id='line_1_4' title="bbox 132 513 1216 605; baseline 0.007 -19"><span class='ocrx_word' id='word_1_8' title='bbox 132 596 134 605; x_wconf 33' lang='grc' dir='ltr'>Ι</span> <span class='ocrx_word' id='word_1_9' title='bbox 167 527 263 586; x_wconf 79' lang='lat' dir='ltr'><strong>runt</strong></span> <span class='ocrx_word' id='word_1_10' title='bbox 292 523 422 584; x_wconf 83' lang='lat' dir='ltr'><strong>tamen</strong></span> <span class='ocrx_word' id='word_1_11' title='bbox 449 536 514 582; x_wconf 86' lang='lat' dir='ltr'><strong>sae</strong></span> <span class='ocrx_word' id='word_1_12' title='bbox 534 513 719 582; x_wconf 82' lang='lat' dir='ltr'><strong>hactenus</strong></span> <span class='ocrx_word' id='word_1_13' title='bbox 745 518 980 600; x_wconf 81' lang='lat' dir='ltr'><strong>pellucidae,</strong></span> <span class='ocrx_word' id='word_1_14' title='bbox 1007 521 1216 594; x_wconf 81' lang='lat' dir='ltr'><strong>ut&#39;claueis&#39;</strong></span> 
     </span>
    </p>
   </div>
   <div class='ocr_carea' id='block_1_4' title="bbox 13 617 1214 710">
    <p class='ocr_par' dir='ltr' id='par_1_4' title="bbox 13 617 1214 710">
     <span class='ocr_line' id='line_1_5' title="bbox 13 617 1214 710; baseline 0.011 -28"><span class='ocrx_word' id='word_1_15' title='bbox 13 639 14 682; x_wconf 49' lang='grc' dir='ltr'>ι</span> <span class='ocrx_word' id='word_1_16' title='bbox 62 703 64 708; x_wconf 23' lang='grc' dir='ltr'>Ι</span> <span class='ocrx_word' id='word_1_17' title='bbox 167 617 1214 710; x_wconf 80' lang='lat' dir='ltr'><strong>oculielucematenebrisdistinguamus.Vigetetiam</strong></span> 
     </span>
    </p>
   </div>
   <div class='ocr_carea' id='block_1_5' title="bbox 157 723 1301 1840">
    <p class='ocr_par' dir='ltr' id='par_1_5' title="bbox 158 723 1301 1434">
     <span class='ocr_line' id='line_1_6' title="bbox 166 723 1301 814; baseline 0.004 -23"><span class='ocrx_word' id='word_1_18' title='bbox 166 725 374 810; x_wconf 87' lang='lat' dir='ltr'><strong>peculiaris</strong></span> <span class='ocrx_word' id='word_1_19' title='bbox 397 723 687 814; x_wconf 81' lang='lat' dir='ltr'><strong>antagoniemus</strong></span> <span class='ocrx_word' id='word_1_20' title='bbox 709 725 812 789; x_wconf 89' lang='lat' dir='ltr'><strong>inter</strong></span> <span class='ocrx_word' id='word_1_21' title='bbox 835 727 1049 792; x_wconf 80' lang='lat' dir='ltr'><strong>musculum</strong></span> <span class='ocrx_word' id='word_1_22' title='bbox 1068 728 1215 797; x_wconf 79' lang='lat' dir='ltr'><strong>levato·</strong></span> <span class='ocrx_word' id='word_1_23' title='bbox 1298 741 1301 750; x_wconf 68' lang='lat'><strong>⁴</strong></span> 
     </span>
     <span class='ocr_line' id='line_1_7' title="bbox 167 817 1210 914; baseline 0.002 -18"><span class='ocrx_word' id='word_1_24' title='bbox 167 849 251 896; x_wconf 82' lang='lat' dir='ltr'><strong>rem</strong></span> <span class='ocrx_word' id='word_1_25' title='bbox 273 817 319 894; x_wconf 75' lang='lat' dir='ltr'><strong>st‘</strong></span> <span class='ocrx_word' id='word_1_26' title='bbox 329 825 612 894; x_wconf 84' lang='lat' dir='ltr'><strong>orbicularem:</strong></span> <span class='ocrx_word' id='word_1_27' title='bbox 646 823 715 888; x_wconf 87' lang='lat' dir='ltr'><strong>illo</strong></span> <span class='ocrx_word' id='word_1_28' title='bbox 739 825 844 890; x_wconf 85' lang='lat' dir='ltr'><strong>enim</strong></span> <span class='ocrx_word' id='word_1_29' title='bbox 866 834 1001 914; x_wconf 83' lang='lat' dir='ltr'><strong>agente</strong></span> <span class='ocrx_word' id='word_1_30' title='bbox 1022 827 1087 894; x_wconf 89' lang='lat' dir='ltr'><strong>hic</strong></span> <span class='ocrx_word' id='word_1_31' title='bbox 1109 834 1210 898; x_wconf 89' lang='lat' dir='ltr'><strong>rela-</strong></span> 
     </span>
     <span class='ocr_line' id='line_1_8' title="bbox 165 925 1213 1012; baseline 0.005 -15"><span class='ocrx_word' id='word_1_32' title='bbox 165 939 282 998; x_wconf 80' lang='lat' dir='ltr'><strong>xatur</strong></span> <span class='ocrx_word' id='word_1_33' title='bbox 305 937 344 996; x_wconf 86' lang='lat' dir='ltr'><strong>et</strong></span> <span class='ocrx_word' id='word_1_34' title='bbox 363 927 558 1007; x_wconf 84' lang='lat' dir='ltr'><strong>vicissim,</strong></span> <span class='ocrx_word' id='word_1_35' title='bbox 588 931 626 992; x_wconf 90' lang='lat' dir='ltr'><strong>et</strong></span> <span class='ocrx_word' id='word_1_36' title='bbox 648 925 774 992; x_wconf 84' lang='lat' dir='ltr'><strong>solent</strong></span> <span class='ocrx_word' id='word_1_37' title='bbox 796 928 827 992; x_wconf 89' lang='lat' dir='ltr'><strong>ii</strong></span> <span class='ocrx_word' id='word_1_38' title='bbox 848 929 1036 1012; x_wconf 87' lang='lat' dir='ltr'><strong>musculi,</strong></span> <span class='ocrx_word' id='word_1_39' title='bbox 1059 933 1213 1002; x_wconf 80' lang='lat' dir='ltr'><strong>actione</strong></span> 
     </span>
     <span class='ocr_line' id='line_1_9' title="bbox 163 1028 1213 1114; baseline 0.007 -18"><span class='ocrx_word' id='word_1_40' title='bbox 163 1030 351 1098; x_wconf 89' lang='lat' dir='ltr'><strong>diuturna</strong></span> <span class='ocrx_word' id='word_1_41' title='bbox 369 1028 596 1114; x_wconf 80' lang='lat' dir='ltr'><strong>defatigati,</strong></span> <span class='ocrx_word' id='word_1_42' title='bbox 624 1029 851 1098; x_wconf 74' lang='lat' dir='ltr'><strong>alternatim</strong></span> <span class='ocrx_word' id='word_1_43' title='bbox 868 1047 998 1114; x_wconf 81' lang='lat' dir='ltr'><strong>agere,</strong></span> <span class='ocrx_word' id='word_1_44' title='bbox 1015 1035 1118 1100; x_wconf 88' lang='lat' dir='ltr'><strong>unde</strong></span> <span class='ocrx_word' id='word_1_45' title='bbox 1138 1039 1213 1104; x_wconf 85' lang='lat' dir='ltr'><strong>ni·</strong></span> 
     </span>
     <span class='ocr_line' id='line_1_10' title="bbox 165 1127 1210 1212; baseline 0.007 -14"><span class='ocrx_word' id='word_1_46' title='bbox 165 1135 330 1198; x_wconf 79' lang='lat' dir='ltr'><strong>statio</strong></span> <span class='ocrx_word' id='word_1_47' title='bbox 349 1131 624 1212; x_wconf 85' lang='lat' dir='ltr'><strong>involuntaria</strong></span> <span class='ocrx_word' id='word_1_48' title='bbox 651 1133 786 1196; x_wconf 84' lang='lat' dir='ltr'><strong>oritur.</strong></span> <span class='ocrx_word' id='word_1_49' title='bbox 839 1127 1045 1199; x_wconf 85' lang='lat' dir='ltr'><strong>Protractis</strong></span> <span class='ocrx_word' id='word_1_50' title='bbox 1070 1143 1210 1209; x_wconf 88' lang='lat' dir='ltr'><strong>tamen</strong></span> 
     </span>
     <span class='ocr_line' id='line_1_11' title="bbox 168 1218 1265 1322; baseline 0.008 -20"><span class='ocrx_word' id='word_1_51' title='bbox 168 1237 336 1322; x_wconf 82' lang='lat' dir='ltr'><strong>vigiliis,</strong></span> <span class='ocrx_word' id='word_1_52' title='bbox 353 1235 502 1300; x_wconf 79' lang='lat' dir='ltr'><strong>lavator</strong></span> <span class='ocrx_word' id='word_1_53' title='bbox 520 1234 668 1300; x_wconf 84' lang='lat' dir='ltr'><strong>vrrrbue</strong></span> <span class='ocrx_word' id='word_1_54' title='bbox 679 1235 891 1322; x_wconf 76' lang='lat' dir='ltr'><strong>spoliatur,</strong></span> <span class='ocrx_word' id='word_1_55' title='bbox 913 1218 1102 1306; x_wconf 76' lang='lat' dir='ltr'><strong>delabitur</strong></span> <span class='ocrx_word' id='word_1_56' title='bbox 1116 1241 1213 1310; x_wconf 87' lang='lat' dir='ltr'><strong>hinc</strong></span> <span class='ocrx_word' id='word_1_57' title='bbox 1260 1279 1265 1288; x_wconf 87' lang='lat'><em>·</em></span> 
     </span>
     <span class='ocr_line' id='line_1_12' title="bbox 158 1329 1203 1434; baseline 0.009 -29"><span class='ocrx_word' id='word_1_58' title='bbox 158 1341 349 1426; x_wconf 80' lang='lat' dir='ltr'><strong>palpebra</strong></span> <span class='ocrx_word' id='word_1_59' title='bbox 370 1338 543 1424; x_wconf 79' lang='lat' dir='ltr'>superior</span> <span class='ocrx_word' id='word_1_60' title='bbox 565 1340 610 1404; x_wconf 90' lang='lat' dir='ltr'><strong>in</strong></span> <span class='ocrx_word' id='word_1_61' title='bbox 628 1341 895 1406; x_wconf 85' lang='lat' dir='ltr'><strong>somniculosis</strong></span> <span class='ocrx_word' id='word_1_62' title='bbox 904 1329 1125 1434; x_wconf 87' lang='lat' dir='ltr'><strong>,aguntque</strong></span> <span class='ocrx_word' id='word_1_63' title='bbox 1141 1371 1203 1418; x_wconf 88' lang='lat' dir='ltr'><strong>or</strong></span> 
     </span>
    </p>

    <p class='ocr_par' dir='ltr' id='par_1_6' title="bbox 157 1433 1261 1840">
     <span class='ocr_line' id='line_1_13' title="bbox 162 1433 1261 1530; baseline 0.005 -21"><span class='ocrx_word' id='word_1_64' title='bbox 162 1433 534 1509; x_wconf 82' lang='lat' dir='ltr'><strong>hicularesmueculi</strong></span> <span class='ocrx_word' id='word_1_65' title='bbox 556 1440 910 1520; x_wconf 88' lang='lat' dir='ltr'><strong>indormientibus,</strong></span> <span class='ocrx_word' id='word_1_66' title='bbox 938 1445 1074 1530; x_wconf 89' lang='lat' dir='ltr'><strong>quibus</strong></span> <span class='ocrx_word' id='word_1_67' title='bbox 1097 1451 1203 1527; x_wconf 80' lang='lat' dir='ltr'><strong>oculi</strong></span> <span class='ocrx_word' id='word_1_68' title='bbox 1257 1433 1261 1444; x_wconf 47' lang='lat'><em>¹</em></span> 
     </span>
     <span class='ocr_line' id='line_1_14' title="bbox 162 1542 1201 1638; baseline 0.005 -27"><span class='ocrx_word' id='word_1_69' title='bbox 162 1547 335 1638; x_wconf 78' lang='lat' dir='ltr'><strong>perfecte</strong></span> <span class='ocrx_word' id='word_1_70' title='bbox 358 1542 609 1624; x_wconf 86' lang='lat' dir='ltr'><strong>clauduntur;</strong></span> <span class='ocrx_word' id='word_1_71' title='bbox 631 1544 665 1608; x_wconf 88' lang='lat' dir='ltr'><strong>ei</strong></span> <span class='ocrx_word' id='word_1_72' title='bbox 684 1565 776 1608; x_wconf 87' lang='lat' dir='ltr'><strong>vero</strong></span> <span class='ocrx_word' id='word_1_73' title='bbox 800 1547 1029 1613; x_wconf 87' lang='lat' dir='ltr'><strong>orbicularis</strong></span> <span class='ocrx_word' id='word_1_74' title='bbox 1050 1569 1201 1616; x_wconf 85' lang='lat' dir='ltr'><strong>muscu-</strong></span> 
     </span>
     <span class='ocr_line' id='line_1_15' title="bbox 159 1647 1203 1736; baseline 0.004 -18"><span class='ocrx_word' id='word_1_75' title='bbox 159 1650 466 1736; x_wconf 87' lang='lat' dir='ltr'><strong>lusparalyticus</strong></span> <span class='ocrx_word' id='word_1_76' title='bbox 492 1654 568 1724; x_wconf 88' lang='lat' dir='ltr'><strong>est,</strong></span> <span class='ocrx_word' id='word_1_77' title='bbox 589 1649 691 1716; x_wconf 87' lang='lat' dir='ltr'><strong>oculi</strong></span> <span class='ocrx_word' id='word_1_78' title='bbox 711 1647 931 1734; x_wconf 85' lang='lat' dir='ltr'><strong>semiaperti</strong></span> <span class='ocrx_word' id='word_1_79' title='bbox 951 1661 1132 1734; x_wconf 78' lang='lat' dir='ltr'><strong>manent,</strong></span> <span class='ocrx_word' id='word_1_80' title='bbox 1155 1663 1203 1732; x_wconf 84' lang='lat' dir='ltr'><strong>ut</strong></span> 
     </span>
     <span class='ocr_line' id='line_1_16' title="bbox 157 1751 1126 1840; baseline 0.006 -20"><span class='ocrx_word' id='word_1_81' title='bbox 157 1755 202 1824; x_wconf 84' lang='lat' dir='ltr'><strong>in</strong></span> <span class='ocrx_word' id='word_1_82' title='bbox 224 1753 370 1840; x_wconf 78' lang='lat' dir='ltr'><strong>aegris,</strong></span> <span class='ocrx_word' id='word_1_83' title='bbox 401 1752 576 1839; x_wconf 84' lang='lat' dir='ltr'><strong>graviore</strong></span> <span class='ocrx_word' id='word_1_84' title='bbox 601 1751 734 1818; x_wconf 88' lang='lat' dir='ltr'><strong>morbo</strong></span> <span class='ocrx_word' id='word_1_85' title='bbox 756 1751 917 1822; x_wconf 73' lang='lat' dir='ltr'><strong>adfectis</strong></span> <span class='ocrx_word' id='word_1_86' title='bbox 942 1759 1126 1826; x_wconf 87' lang='lat' dir='ltr'><strong>cernitur.</strong></span> 
     </span>
    </p>
   </div>
   <div class='ocr_carea' id='block_1_6' title="bbox 114 1899 1254 2298">
    <p class='ocr_par' dir='ltr' id='par_1_7' title="bbox 114 1899 1254 2298">
     <span class='ocr_line' id='line_1_17' title="bbox 240 1899 1199 1996; baseline 0.01 -27"><span class='ocrx_word' id='word_1_87' title='bbox 240 1907 334 1969; x_wconf 79' lang='lat' dir='ltr'><strong>cum</strong></span> <span class='ocrx_word' id='word_1_88' title='bbox 355 1901 627 1985; x_wconf 81' lang='lat' dir='ltr'><strong>palpebrarum</strong></span> <span class='ocrx_word' id='word_1_89' title='bbox 645 1903 683 1963; x_wconf 92' lang='lat' dir='ltr'><strong>et</strong></span> <span class='ocrx_word' id='word_1_90' title='bbox 693 1899 892 1968; x_wconf 89' lang='lat' dir='ltr'><strong>oculorum</strong></span> <span class='ocrx_word' id='word_1_91' title='bbox 911 1908 1099 1976; x_wconf 74' lang='lat' dir='ltr'><strong>metuerit</strong></span> <span class='ocrx_word' id='word_1_92' title='bbox 1111 1914 1199 1996; x_wconf 72' lang='lat' dir='ltr'><strong>per</strong></span> 
     </span>
     <span class='ocr_line' id='line_1_18' title="bbox 114 2003 1203 2104; baseline 0.013 -34"><span class='ocrx_word' id='word_1_93' title='bbox 114 2065 116 2070; x_wconf 89' lang='lat'><em>.</em></span> <span class='ocrx_word' id='word_1_94' title='bbox 157 2016 316 2094; x_wconf 84' lang='lat' dir='ltr'><strong>petuus,</strong></span> <span class='ocrx_word' id='word_1_95' title='bbox 349 2005 555 2070; x_wconf 78' lang='lat' dir='ltr'><strong>confrictue</strong></span> <span class='ocrx_word' id='word_1_96' title='bbox 585 2003 782 2086; x_wconf 84' lang='lat' dir='ltr'><strong>partium,</strong></span> <span class='ocrx_word' id='word_1_97' title='bbox 822 2007 946 2076; x_wconf 89' lang='lat' dir='ltr'><strong>nimio</strong></span> <span class='ocrx_word' id='word_1_98' title='bbox 979 2003 1203 2104; x_wconf 82' lang='lat' dir='ltr'><strong>ceteroquin</strong></span> 
     </span>
     <span class='ocr_line' id='line_1_19' title="bbox 156 2109 1254 2198; baseline 0.002 -18"><span class='ocrx_word' id='word_1_99' title='bbox 156 2135 271 2181; x_wconf 78' lang='lat' dir='ltr'><strong>sensu</strong></span> <span class='ocrx_word' id='word_1_100' title='bbox 288 2110 572 2198; x_wconf 86' lang='lat' dir='ltr'><strong>praeditarum,</strong></span> <span class='ocrx_word' id='word_1_101' title='bbox 593 2109 1002 2194; x_wconf 85' lang='lat' dir='ltr'><strong>praecaveridebebat.</strong></span> <span class='ocrx_word' id='word_1_102' title='bbox 1024 2121 1204 2192; x_wconf 86' lang='lat' dir='ltr'><strong>Huicau.</strong></span> <span class='ocrx_word' id='word_1_103' title='bbox 1251 2144 1254 2164; x_wconf 72' lang='lat'>¹</span> 
     </span>
     <span class='ocr_line' id='line_1_20' title="bbox 154 2211 1197 2298; baseline 0.006 -14"><span class='ocrx_word' id='word_1_104' title='bbox 154 2227 236 2284; x_wconf 86' lang='lat' dir='ltr'><strong>tem</strong></span> <span class='ocrx_word' id='word_1_105' title='bbox 258 2235 391 2298; x_wconf 85' lang='lat' dir='ltr'><strong>scopo,</strong></span> <span class='ocrx_word' id='word_1_106' title='bbox 413 2217 565 2297; x_wconf 88' lang='lat' dir='ltr'><strong>praeter</strong></span> <span class='ocrx_word' id='word_1_107' title='bbox 583 2211 786 2276; x_wconf 87' lang='lat' dir='ltr'><strong>humorem</strong></span> <span class='ocrx_word' id='word_1_108' title='bbox 804 2219 1058 2288; x_wconf 85' lang='lat' dir='ltr'><strong>exarteriolis</strong></span> <span class='ocrx_word' id='word_1_109' title='bbox 1079 2226 1197 2292; x_wconf 84' lang='lat' dir='ltr'><strong>exha-</strong></span> 
     </span>
    </p>
   </div>
   <div class='ocr_carea' id='block_1_7' title="bbox 155 2311 1199 2497">
    <p class='ocr_par' dir='ltr' id='par_1_8' title="bbox 155 2311 1199 2497">
     <span class='ocr_line' id='line_1_21' title="bbox 155 2311 1197 2408; baseline 0.006 -21"><span class='ocrx_word' id='word_1_110' title='bbox 155 2325 283 2387; x_wconf 84' lang='lat' dir='ltr'><strong>latum</strong></span> <span class='ocrx_word' id='word_1_111' title='bbox 312 2327 351 2384; x_wconf 90' lang='lat' dir='ltr'><strong>et</strong></span> <span class='ocrx_word' id='word_1_112' title='bbox 378 2321 590 2408; x_wconf 73' lang='lat' dir='ltr'><strong>lacrymas,</strong></span> <span class='ocrx_word' id='word_1_113' title='bbox 617 2332 813 2396; x_wconf 84' lang='lat' dir='ltr'><strong>unguen</strong></span> <span class='ocrx_word' id='word_1_114' title='bbox 845 2311 1056 2404; x_wconf 80' lang='lat' dir='ltr'><strong>peculiare,</strong></span> <span class='ocrx_word' id='word_1_115' title='bbox 1083 2327 1197 2393; x_wconf 83' lang='lat' dir='ltr'><strong>flavi·</strong></span> 
     </span>
     <span class='ocr_line' id='line_1_22' title="bbox 155 2414 1199 2497; baseline -0.004 -9"><span class='ocrx_word' id='word_1_116' title='bbox 155 2423 276 2496; x_wconf 89' lang='lat' dir='ltr'><strong>dum,</strong></span> <span class='ocrx_word' id='word_1_117' title='bbox 299 2421 426 2484; x_wconf 87' lang='lat' dir='ltr'><strong>oleoso</strong></span> <span class='ocrx_word' id='word_1_118' title='bbox 438 2450 455 2468; x_wconf 93' lang='lat'><strong>·</strong></span> <span class='ocrx_word' id='word_1_119' title='bbox 467 2414 752 2480; x_wconf 84' lang='lat' dir='ltr'><strong>albuminosum</strong></span> <span class='ocrx_word' id='word_1_120' title='bbox 769 2458 779 2492; x_wconf 90' lang='lat'><strong>,</strong></span> <span class='ocrx_word' id='word_1_121' title='bbox 798 2419 937 2497; x_wconf 85' lang='lat' dir='ltr'><strong>tenax,</strong></span> <span class='ocrx_word' id='word_1_122' title='bbox 959 2420 1005 2484; x_wconf 87' lang='lat' dir='ltr'><strong>ab</strong></span> <span class='ocrx_word' id='word_1_123' title='bbox 1020 2424 1120 2490; x_wconf 74' lang='lat' dir='ltr'><strong>ae&#39;ris</strong></span> <span class='ocrx_word' id='word_1_124' title='bbox 1138 2428 1199 2492; x_wconf 83' lang='lat' dir='ltr'><strong>in.</strong></span> 
     </span>
    </p>
   </div>
   <div class='ocr_carea' id='block_1_8' title="bbox 77 2515 1280 3639">
    <p class='ocr_par' dir='ltr' id='par_1_9' title="bbox 77 2515 1280 3639">
     <span class='ocr_line' id='line_1_23' title="bbox 111 2515 1201 2602; baseline 0.002 -14"><span class='ocrx_word' id='word_1_125' title='bbox 111 2582 112 2588; x_wconf 73' lang='grc'>,</span> <span class='ocrx_word' id='word_1_126' title='bbox 153 2529 262 2594; x_wconf 82' lang='lat' dir='ltr'><strong>fluxu</strong></span> <span class='ocrx_word' id='word_1_127' title='bbox 284 2523 532 2598; x_wconf 87' lang='lat' dir='ltr'><strong>solidescens,</strong></span> <span class='ocrx_word' id='word_1_128' title='bbox 558 2521 685 2602; x_wconf 86' lang='lat' dir='ltr'><strong>partes</strong></span> <span class='ocrx_word' id='word_1_129' title='bbox 706 2537 767 2582; x_wconf 86' lang='lat' dir='ltr'><strong>eae</strong></span> <span class='ocrx_word' id='word_1_130' title='bbox 786 2517 1117 2590; x_wconf 76' lang='lat' dir='ltr'><strong>lubricas-faciens</strong></span> <span class='ocrx_word' id='word_1_131' title='bbox 1126 2515 1138 2602; x_wconf 70' lang='grc'><strong>1,</strong></span> <span class='ocrx_word' id='word_1_132' title='bbox 1160 2534 1201 2596; x_wconf 88' lang='lat' dir='ltr'><strong>et</strong></span> 
     </span>
     <span class='ocr_line' id='line_1_24' title="bbox 150 2617 1196 2714; baseline -0.008 -20"><span class='ocrx_word' id='word_1_133' title='bbox 150 2617 679 2714; x_wconf 86' lang='lat' dir='ltr'><strong>lacrymarumacrimoniam</strong></span> <span class='ocrx_word' id='word_1_134' title='bbox 701 2619 908 2703; x_wconf 88' lang='lat' dir='ltr'><strong>mitigans,</strong></span> <span class='ocrx_word' id='word_1_135' title='bbox 937 2622 1113 2698; x_wconf 86' lang='lat' dir='ltr'><strong>inservit</strong></span> <span class='ocrx_word' id='word_1_136' title='bbox 1132 2627 1196 2692; x_wconf 85' lang='lat' dir='ltr'><strong>Se.</strong></span> 
     </span>
     <span class='ocr_line' id='line_1_25' title="bbox 85 2720 1197 2809; baseline -0.004 -12"><span class='ocrx_word' id='word_1_137' title='bbox 85 2789 95 2809; x_wconf 72' lang='grc'><strong>,,</strong></span> <span class='ocrx_word' id='word_1_138' title='bbox 151 2720 919 2806; x_wconf 80' lang='lat' dir='ltr'><strong>cernituridsmegmaiuglandulis</strong></span> <span class='ocrx_word' id='word_1_139' title='bbox 946 2726 1197 2807; x_wconf 83' lang='lat' dir='ltr'><strong>sebaceis,</strong></span> 
     </span>
     <span class='ocr_line' id='line_1_26' title="bbox 153 2824 1197 2927; baseline -0.005 -27"><span class='ocrx_word' id='word_1_140' title='bbox 153 2833 641 2927; x_wconf 77' lang='lat' dir='ltr'><strong>quasllenr.Me1u0mrus</strong></span> <span class='ocrx_word' id='word_1_141' title='bbox 664 2824 811 2909; x_wconf 88' lang='lat' dir='ltr'><strong>primus</strong></span> <span class='ocrx_word' id='word_1_142' title='bbox 833 2825 978 2910; x_wconf 86' lang='lat' dir='ltr'><strong>optime</strong></span> <span class='ocrx_word' id='word_1_143' title='bbox 992 2829 1197 2914; x_wconf 79' lang='lat' dir='ltr'><strong>descripsit</strong></span> 
     </span>
     <span class='ocr_line' id='line_1_27' title="bbox 148 2921 1195 3026; baseline -0.008 -19"><span class='ocrx_word' id='word_1_144' title='bbox 148 2945 199 3026; x_wconf 79' lang='lat' dir='ltr'><strong>f)</strong></span> <span class='ocrx_word' id='word_1_145' title='bbox 223 2939 510 3020; x_wconf 82' lang='lat' dir='ltr'><strong>Componuntur</strong></span> <span class='ocrx_word' id='word_1_146' title='bbox 530 2949 597 2993; x_wconf 87' lang='lat' dir='ltr'><strong>eae</strong></span> <span class='ocrx_word' id='word_1_147' title='bbox 617 2921 1018 3011; x_wconf 84' lang='lat' dir='ltr'><strong>glandulaefolliculis</strong></span> <span class='ocrx_word' id='word_1_148' title='bbox 1033 2934 1195 3018; x_wconf 84' lang='lat' dir='ltr'><strong>exiguis,</strong></span> 
     </span>
     <span class='ocr_line' id='line_1_28' title="bbox 149 3029 1199 3117; baseline -0.008 -8"><span class='ocrx_word' id='word_1_149' title='bbox 149 3039 348 3113; x_wconf 84' lang='lat' dir='ltr'><strong>rotundis,</strong></span> <span class='ocrx_word' id='word_1_150' title='bbox 377 3035 492 3100; x_wconf 83' lang='lat' dir='ltr'><strong>sulcis</strong></span> <span class='ocrx_word' id='word_1_151' title='bbox 524 3030 639 3096; x_wconf 80' lang='lat' dir='ltr'><strong>inciei</strong></span> <span class='ocrx_word' id='word_1_152' title='bbox 666 3029 889 3116; x_wconf 86' lang='lat' dir='ltr'><strong>posterioris</strong></span> <span class='ocrx_word' id='word_1_153' title='bbox 921 3029 1199 3117; x_wconf 79' lang='lat' dir='ltr'><strong>cartilaginum</strong></span> 
     </span>
     <span class='ocr_line' id='line_1_29' title="bbox 148 3131 1195 3224; baseline -0.011 -14"><span class='ocrx_word' id='word_1_154' title='bbox 148 3144 270 3224; x_wconf 81' lang='lat' dir='ltr'><strong>tarsi,</strong></span> <span class='ocrx_word' id='word_1_155' title='bbox 298 3138 394 3207; x_wconf 82' lang='lat' dir='ltr'><strong>serie</strong></span> <span class='ocrx_word' id='word_1_156' title='bbox 425 3133 571 3219; x_wconf 86' lang='lat' dir='ltr'><strong>duplici</strong></span> <span class='ocrx_word' id='word_1_157' title='bbox 602 3139 669 3198; x_wconf 89' lang='lat' dir='ltr'><strong>aut</strong></span> <span class='ocrx_word' id='word_1_158' title='bbox 689 3131 859 3216; x_wconf 89' lang='lat' dir='ltr'><strong>triplici,</strong></span> <span class='ocrx_word' id='word_1_159' title='bbox 890 3133 1119 3223; x_wconf 85' lang='lat' dir='ltr'><strong>insculptis.</strong></span> <span class='ocrx_word' id='word_1_160' title='bbox 1121 3139 1195 3206; x_wconf 80' lang='lat' dir='ltr'><strong>Te·</strong></span> 
     </span>
     <span class='ocr_line' id='line_1_30' title="bbox 148 3235 1195 3331; baseline -0.004 -20"><span class='ocrx_word' id='word_1_161' title='bbox 148 3251 292 3331; x_wconf 87' lang='lat' dir='ltr'><strong>guntur</strong></span> <span class='ocrx_word' id='word_1_162' title='bbox 314 3265 382 3308; x_wconf 88' lang='lat' dir='ltr'><strong>eae</strong></span> <span class='ocrx_word' id='word_1_163' title='bbox 401 3236 605 3326; x_wconf 85' lang='lat' dir='ltr'><strong>glandulae</strong></span> <span class='ocrx_word' id='word_1_164' title='bbox 627 3236 758 3300; x_wconf 85' lang='lat' dir='ltr'><strong>tunica</strong></span> <span class='ocrx_word' id='word_1_165' title='bbox 787 3235 931 3300; x_wconf 82' lang='lat' dir='ltr'><strong>adnata</strong></span> <span class='ocrx_word' id='word_1_166' title='bbox 953 3241 1168 3321; x_wconf 86' lang='lat' dir='ltr'><strong>pellucente</strong></span> <span class='ocrx_word' id='word_1_167' title='bbox 1179 3289 1195 3325; x_wconf 90' lang='lat'><strong>,</strong></span> 
     </span>
     <span class='ocr_line' id='line_1_31' title="bbox 77 3341 1197 3434; baseline -0.003 -18"><span class='ocrx_word' id='word_1_168' title='bbox 77 3353 89 3360; x_wconf 80' lang='grc'><strong>“’</strong></span> <span class='ocrx_word' id='word_1_169' title='bbox 148 3351 401 3434; x_wconf 83' lang='lat' dir='ltr'><strong>referuntque</strong></span> <span class='ocrx_word' id='word_1_170' title='bbox 418 3343 548 3428; x_wconf 88' lang='lat' dir='ltr'><strong>plexus</strong></span> <span class='ocrx_word' id='word_1_171' title='bbox 569 3359 803 3418; x_wconf 83' lang='lat' dir='ltr'><strong>racemosoa,</strong></span> <span class='ocrx_word' id='word_1_172' title='bbox 832 3341 1039 3406; x_wconf 87' lang='lat' dir='ltr'><strong>secundum</strong></span> <span class='ocrx_word' id='word_1_173' title='bbox 1059 3344 1197 3430; x_wconf 77' lang='lat' dir='ltr'><strong>&#39;longi-</strong></span> 
     </span>
     <span class='ocr_line' id='line_1_32' title="bbox 152 3444 1229 3534; baseline -0.005 -13"><span class='ocrx_word' id='word_1_174' title='bbox 152 3450 329 3521; x_wconf 79' lang='lat' dir='ltr'><strong>tudinem</strong></span> <span class='ocrx_word' id='word_1_175' title='bbox 361 3453 465 3514; x_wconf 89' lang='lat' dir='ltr'><strong>tar&#39;so</strong></span> <span class='ocrx_word' id='word_1_176' title='bbox 494 3453 709 3512; x_wconf 84' lang='lat' dir='ltr'><strong>transverso</strong></span> <span class='ocrx_word' id='word_1_177' title='bbox 739 3444 918 3520; x_wconf 87' lang='lat' dir='ltr'><strong>innatos,</strong></span> <span class='ocrx_word' id='word_1_178' title='bbox 965 3449 1191 3534; x_wconf 87' lang='lat' dir='ltr'><strong>parallelos,</strong></span> <span class='ocrx_word' id='word_1_179' title='bbox 1225 3493 1229 3502; x_wconf 87' lang='lat'>-</span> 
     </span>
     <span class='ocr_line' id='line_1_33' title="bbox 146 3545 1280 3639; baseline -0.004 -18"><span class='ocrx_word' id='word_1_180' title='bbox 146 3563 316 3639; x_wconf 86' lang='lat' dir='ltr'><strong>suntque</strong></span> <span class='ocrx_word' id='word_1_181' title='bbox 336 3556 497 3618; x_wconf 83' lang='lat' dir='ltr'><strong>numero</strong></span> <span class='ocrx_word' id='word_1_182' title='bbox 518 3550 598 3612; x_wconf 83' lang='lat' dir='ltr'><strong>fere</strong></span> <span class='ocrx_word' id='word_1_183' title='bbox 616 3568 659 3612; x_wconf 82' lang='lat' dir='ltr'><strong>ao</strong></span> <span class='ocrx_word' id='word_1_184' title='bbox 672 3565 769 3629; x_wconf 84' lang='lat'><strong>-30</strong></span> <span class='ocrx_word' id='word_1_185' title='bbox 788 3547 847 3636; x_wconf 88' lang='lat' dir='ltr'><strong>g).</strong></span> <span class='ocrx_word' id='word_1_186' title='bbox 889 3545 1104 3617; x_wconf 79' lang='lat' dir='ltr'><strong>Effunditur</strong></span> <span class='ocrx_word' id='word_1_187' title='bbox 1124 3572 1196 3616; x_wconf 83' lang='lat' dir='ltr'><strong>un·</strong></span> <span class='ocrx_word' id='word_1_188' title='bbox 1243 3568 1247 3578; x_wconf 90' lang='grc'><em>’</em></span> <span class='ocrx_word' id='word_1_189' title='bbox 1276 3549 1280 3558; x_wconf 86' lang='grc'><strong>’</strong></span> 
     </span>
    </p>
   </div>
   <div class='ocr_carea' id='block_1_9' title="bbox 15 3647 1441 3746">
    <p class='ocr_par' dir='ltr' id='par_1_10' title="bbox 15 3647 1441 3746">
     <span class='ocr_line' id='line_1_34' title="bbox 15 3647 1441 3746; baseline -0.006 -21"><span class='ocrx_word' id='word_1_190' title='bbox 15 3658 18 3669; x_wconf 83' lang='grc'><strong>’</strong></span> <span class='ocrx_word' id='word_1_191' title='bbox 103 3655 251 3746; x_wconf 63' lang='lat' dir='ltr'><strong>&#39;guen</strong></span> <span class='ocrx_word' id='word_1_192' title='bbox 273 3660 460 3720; x_wconf 87' lang='lat' dir='ltr'><strong>secretum</strong></span> <span class='ocrx_word' id='word_1_193' title='bbox 479 3651 642 3717; x_wconf 86' lang='lat' dir='ltr'><strong>orificiis</strong></span> <span class='ocrx_word' id='word_1_194' title='bbox 667 3649 1060 3736; x_wconf 82' lang='lat' dir='ltr'><strong>excretoriiapsrvie,</strong></span> <span class='ocrx_word' id='word_1_195' title='bbox 1094 3655 1194 3719; x_wconf 84' lang='lat' dir='ltr'><strong>serie</strong></span> <span class='ocrx_word' id='word_1_196' title='bbox 1317 3647 1322 3656; x_wconf 69' lang='grc'><strong>’</strong></span> <span class='ocrx_word' id='word_1_197' title='bbox 1438 3717 1441 3727; x_wconf 21' lang='grc' dir='ltr'>λ</span> 
     </span>
    </p>
   </div>
   <div class='ocr_carea' id='block_1_10' title="bbox 13 3753 1192 3854">
    <p class='ocr_par' dir='ltr' id='par_1_11' title="bbox 13 3753 1192 3854">
     <span class='ocr_line' id='line_1_35' title="bbox 13 3753 1192 3854; baseline -0.008 -23"><span class='ocrx_word' id='word_1_198' title='bbox 13 3837 15 3844; x_wconf 15' lang='grc' dir='ltr'><em>Α</em></span> <span class='ocrx_word' id='word_1_199' title='bbox 145 3760 322 3844; x_wconf 82' lang='lat' dir='ltr'><strong>simplici</strong></span> <span class='ocrx_word' id='word_1_200' title='bbox 355 3757 464 3839; x_wconf 81' lang='lat' dir='ltr'><strong>iuxta</strong></span> <span class='ocrx_word' id='word_1_201' title='bbox 492 3753 700 3839; x_wconf 83' lang='lat' dir='ltr'><strong>palpebrae</strong></span> <span class='ocrx_word' id='word_1_202' title='bbox 727 3753 939 3838; x_wconf 81' lang='lat' dir='ltr'><strong>marginem</strong></span> <span class='ocrx_word' id='word_1_203' title='bbox 971 3755 1192 3854; x_wconf 71' lang='lat' dir='ltr'><strong>dispositis,</strong></span> 
     </span>
    </p>
   </div>
   <div class='ocr_carea' id='block_1_11' title="bbox 78 3853 1293 4268">
    <p class='ocr_par' dir='ltr' id='par_1_12' title="bbox 78 3853 1293 4268">
     <span class='ocr_line' id='line_1_36' title="bbox 152 3853 1293 3944; baseline -0.007 -11"><span class='ocrx_word' id='word_1_204' title='bbox 152 3865 316 3933; x_wconf 88' lang='lat' dir='ltr'><strong>bulbum</strong></span> <span class='ocrx_word' id='word_1_205' title='bbox 331 3853 760 3938; x_wconf 76' lang='lat' dir='ltr'><strong>oeulrrespruentrbes</strong></span> <span class='ocrx_word' id='word_1_206' title='bbox 783 3855 1029 3922; x_wconf 90' lang='lat' dir='ltr'><strong>ductulorum</strong></span> <span class='ocrx_word' id='word_1_207' title='bbox 1046 3857 1195 3926; x_wconf 83' lang='lat' dir='ltr'><strong>brevia·</strong></span> <span class='ocrx_word' id='word_1_208' title='bbox 1290 3935 1293 3944; x_wconf 19' lang='lat' dir='ltr'><em>A</em></span> 
     </span>
     <span class='ocr_line' id='line_1_37' title="bbox 78 3958 1194 4046; baseline -0.005 -12"><span class='ocrx_word' id='word_1_209' title='bbox 78 4029 81 4034; x_wconf 80' lang='grc'>,</span> <span class='ocrx_word' id='word_1_210' title='bbox 152 3959 341 4037; x_wconf 87' lang='lat' dir='ltr'><strong>simoruni</strong></span> <span class='ocrx_word' id='word_1_211' title='bbox 365 3984 435 4046; x_wconf 91' lang='lat' dir='ltr'><strong>ope</strong></span> <span class='ocrx_word' id='word_1_212' title='bbox 458 3981 543 4024; x_wconf 90' lang='lat' dir='ltr'><strong>cum</strong></span> <span class='ocrx_word' id='word_1_213' title='bbox 564 3958 751 4024; x_wconf 78' lang='lat' dir='ltr'><strong>folliculis</strong></span> <span class='ocrx_word' id='word_1_214' title='bbox 774 3959 1194 4030; x_wconf 83' lang='lat' dir='ltr'><strong>sebaceiecohaerenti·</strong></span> 
     </span>
     <span class='ocr_line' id='line_1_38' title="bbox 152 4065 1193 4188; baseline 0.003 -48"><span class='ocrx_word' id='word_1_215' title='bbox 152 4077 241 4141; x_wconf 87' lang='lat' dir='ltr'><strong>bus.</strong></span> <span class='ocrx_word' id='word_1_216' title='bbox 274 4075 416 4160; x_wconf 83' lang='lat' dir='ltr'><strong>cuique</strong></span> <span class='ocrx_word' id='word_1_217' title='bbox 437 4076 566 4134; x_wconf 87' lang='lat' dir='ltr'><strong>autem</strong></span> <span class='ocrx_word' id='word_1_218' title='bbox 590 4067 817 4151; x_wconf 85' lang='lat' dir='ltr'><strong>glanduloso</strong></span> <span class='ocrx_word' id='word_1_219' title='bbox 846 4065 978 4188; x_wconf 76' lang='lat' dir='ltr'><strong>plerui</strong></span> <span class='ocrx_word' id='word_1_220' title='bbox 999 4067 1193 4150; x_wconf 81' lang='lat' dir='ltr'><strong>orificium</strong></span> 
     </span>
     <span class='ocr_line' id='line_1_39' title="bbox 151 4171 849 4268; baseline -0.009 -24"><span class='ocrx_word' id='word_1_221' title='bbox 151 4179 228 4248; x_wconf 82' lang='lat' dir='ltr'><strong>lere</strong></span> <span class='ocrx_word' id='word_1_222' title='bbox 250 4173 455 4268; x_wconf 82' lang='lat' dir='ltr'><strong>respondet</strong></span> <span class='ocrx_word' id='word_1_223' title='bbox 476 4171 849 4264; x_wconf 56' lang='lat' dir='ltr'><strong>secretariorum</strong></span> 
     </span>
    </p>
   </div>
   <div class='ocr_carea' id='block_1_12' title="bbox 854 4293 947 4366">
    <p class='ocr_par' dir='ltr' id='par_1_13' title="bbox 854 4293 947 4366">
     <span class='ocr_line' id='line_1_40' title="bbox 854 4293 947 4366; baseline 0.022 -2"><span class='ocrx_word' id='word_1_224' title='bbox 854 4293 947 4366; x_wconf 61' lang='lat' dir='ltr'><strong>vs</strong></span> 
     </span>
    </p>
   </div>
   <div class='ocr_carea' id='block_1_13' title="bbox 0 0 1478 5000">
    <p class='ocr_par' dir='ltr' id='par_1_14' title="bbox 0 0 1478 5000">
     <span class='ocr_line' id='line_1_41' title="bbox 0 0 1478 5000; baseline 0 4"><span class='ocrx_word' id='word_1_225' title='bbox 0 0 1478 5000; x_wconf 95' lang='lat' dir='ltr'><strong> </strong></span> 
     </span>
    </p>
   </div>
  </div>
 </body>
</html>
