2888 4994
171 395 285 460 secr.
303 393 333 460 1.
354 393 609 460 srsrsrssrrs
631 403 870 462 crassescit
889 397 1074 460 rasnrcs'.
1121 415 1133 460 ι
1138 411 1182 482 55

131 549 198 638 (ς.
218 551 329 636 45ο.)
356 547 592 633 adtigimus,
621 545 687 612 cel.
717 547 824 612 Gsss
851 563 896 608 ea
922 563 1009 608 cum
1030 541 1187 608 eviden-

132 658 195 722 tia
216 653 509 739 comprobavit,
529 659 573 716 ut
588 660 625 717 et
638 651 722 717 cell
735 647 967 717 parisienses
988 649 1186 712 anatomi-

133 761 171 822 ci
194 779 264 821 sue
284 775 408 840 nuper
429 755 664 822 auctoritate
686 773 772 819 eam
801 753 958 838 penitus
981 751 1185 817 confirma-

128 869 220 925 rent
241 863 303 947 a)
324 859 476 926 sienim
496 861 628 925 tunica
652 855 911 924 arachnoidea
933 855 1186 920 etvasculosn

135 985 182 1029 so
205 965 312 1041 loco,
334 965 404 1028 ubi
424 961 595 1028 medulla
609 963 847 1054 oblongate
832 983 874 1028 sn
887 961 1135 1079 pyramides
1124 981 1187 1026 sn·

103 1061 349 1165 ‚tumescis
381 1069 698 1149 desumantur,'
687 1087 847 1154 ipsaque
867 1065 969 1132 rima
992 1065 1188 1140 anterior,

137 1191 217 1256 qua
240 1169 500 1236 arachnoidea
525 1193 565 1238 se
585 1173 792 1248 immittit,
825 1175 935 1235 caute
957 1166 1188 1246 diducatur,

132 1281 223 1340 tum
252 1277 430 1340 fasciculi
453 1276 687 1344 medullares
709 1284 787 1343 tres
809 1294 929 1363 usque
954 1274 1123 1359 quinque
1143 1269 1187 1338 in
1222 1337 1226 1346 ,

133 1380 341 1464 superficie
374 1389 587 1466 apparent,
627 1384 694 1468 qui
725 1383 882 1470 oblique
923 1377 1186 1453 adscendunt,

135 1488 177 1546 et
197 1487 274 1548 tres
293 1487 416 1569 usque
428 1491 593 1571 quatuor
605 1487 732 1551 lineas
746 1489 954 1572 occupant,
977 1500 1187 1570 sequeme-

133 1587 279 1655 nifests
301 1587 504 1653 decuerant
532 1589 597 1676 b).

221 1749 375 1815 Praeter
397 1747 499 1813 hunc
523 1751 652 1815 locum
672 1749 784 1816 nulls
812 1747 1033 1814 advertitur
1056 1744 1098 1810 in
1119 1762 1186 1809 en·

135 1838 300 1939 ceph'alo
331 1859 370 1917 et
391 1851 570 1918 medulla
599 1853 745 1938 spinali
779 1850 1008 1916 decussatio.
1064 1851 1117 1912 Ex
1145 1865 1188 1912 eo

131 1959 258 2050 igitur
280 1963 358 2033 est,
382 1954 482 2042 quod
497 1955 706 2040 encephelo
726 1956 790 2020 vel
810 1954 981 2022 medulla
999 1951 1187 2032 oblonga·

131 2070 182 2130 ta
206 2084 325 2146 supra
356 2077 445 2126 eum
476 2060 693 2128 chiasmum
723 2061 839 2126 laesis
869 2065 938 2124 aut
967 2056 1186 2137 concussis,

133 2170 314 2237 membra
337 2166 506 2250 oppositi
526 2167 661 2232 lateris
676 2165 919 2232 adlicientur.
942 2165 980 2230 Si
998 2183 1089 2228 vero
1102 2179 1187 2228 me·

135 2273 248 2338 dulla
269 2271 431 2356 spinalis
449 2259 842 2336 infradecussat'ionis
862 2264 1188 2344 locumlaeditur,

135 2375 339 2445 adfectio
328 2399 368 2442 1n
390 2377 492 2442 latus
515 2372 621 2440 aliud
642 2371 972 2474 haudtranssilit,
994 2369 1059 2449 id,
1083 2366 1187 2456 quod

107 2477 323 2548 'Genusus
367 2481 516 2562 iamet
556 2480 626 2546 alii
656 2481 892 2546 recentiores
925 2477 1187 2544 observarunt

132 2585 359 2672 physiologi
384 2579 440 2672 c).
486 2585 654 2650 Minores
673 2583 795 2648 stiam
820 2581 1056 2658 violentiae,
1080 2601 1184 2645 cere·

133 2693 210 2758 bro
236 2695 304 2758 aut
326 2689 518 2756 medullae
544 2688 686 2774 spinali
711 2687 869 2763 illatae,
902 2685 1005 2752 latus
1027 2685 1186 2771 opposi-

133 2797 224 2858 tum
244 2793 311 2858 vix
341 2791 545 2858 adficiunt.
573 2789 683 2856 Ponit
704 2791 897 2856 chiasmus
919 2789 993 2854 iste
1016 2810 1103 2856 cum
1125 2808 1188 2853 ce·

133 2897 244 2965 rebri
269 2894 534 2962 commissuris
557 2893 577 2980 (
590 2903 638 2976 §5
649 2906 723 2979 452
745 2893 1187 2984 453.)phys1cumpar·

136 2999 243 3067 tium
262 3001 486 3096 systematis
505 2999 709 3065 cerebralis
731 3021 898 3078 nexum,
932 2998 1006 3088 q'uo
1031 2997 1188 3082 energia
1282 3043 1287 3052 .

137 3102 276 3169 vitalis
299 3111 339 3168 et
359 3103 564 3168 semiferas
586 3103 803 3170 functiones
823 3109 1011 3190 perpetuo
1041 3101 1186 3166 uniun

132 3211 215 3271 tur.
239 3205 350 3272 Patet
372 3205 495 3292 igitur
514 3209 579 3272 vel
598 3207 690 3275 hinc
702 3253 715 3287 ,
736 3209 938 3278 hominem
958 3227 1026 3292 per
1037 3207 1187 3271 laneam

137 3309 311 3376 mediam
331 3310 384 3394 sic
406 3311 576 3378 divisum
605 3310 712 3377 haud
734 3333 836 3392 esse,
865 3317 911 3376 ut
940 3311 1188 3396 conglutino·

136 3417 203 3479 tus
224 3413 336 3499 quasi
359 3414 410 3478 sit
436 3434 456 3478 e
477 3414 609 3479 dextra
628 3419 666 3479 et
685 3413 845 3481 sinistra
865 3421 999 3500 parte,
1023 3431 1190 3500 quarum

135 3512 296 3600 singula
314 3533 382 3600 per
402 3537 440 3580 se
460 3517 666 3597 subsistat,
685 3535 850 3604 suasque
864 3517 1109 3596 functiones,
1138 3515 1187 3582 ab

140 3625 271 3689 altere
292 3617 577 3705 independens,
599 3626 761 3708 peraget
780 3623 841 3710 d).
884 3621 1041 3688 Locales
1055 3628 1190 3688 temen

139 3745 356 3796 nervorum
374 3727 490 3791 unius
508 3725 925 3806 laterisadfectiones,
945 3733 991 3793 ut
1007 3728 1190 3812 frequens

141 3835 257 3899 docet
276 3831 515 3910 observatio,
534 3833 707 3897 obtinere
718 3839 879 3928 possunt
890 3877 911 3912 „
926 3832 1026 3918 qnod
1039 3831 1189 3896 alien'a-

136 3933 297 4102 {a'edejsbss
317 3937 542 4026 systematis
554 3935 846 4020 reproductivae
854 3936 1029 4022 energiae
1043 3933 1190 4000 adscri-

169 4035 185 4100 i
235 4055 255 4097 e
284 4039 335 4099 et.

234 4185 269 4252 ⁴)
288 4181 571 4243 Hirroculrns:
587 4183 769 4264 spitamis.
778 4185 844 4244 vn.
856 4185 935 4246 Stet.
947 4204 971 4244 1.
983 4183 1184 4244 -nttnunr

211 4265 309 4354 Edfflo'
325 4273 412 4349 phys.
428 4274 478 4332 tv.
496 4291 527 4349 p.
545 4277 613 4346 4⁶⁰·
631 4309 666 4324 -
683 4276 887 4336 usumve
907 4277 1052 4372 (isidor
1063 4281 1187 4352 ‘agni
