2898 4996
262 383 329 448 ess
478 366 481 375 '
517 358 606 436 Lre.
622 368 668 434 11.
685 367 773 432 cer.
797 367 854 444 It.
873 367 932 432 Dn
950 315 1081 436 sensu.

264 515 386 584 nismi
403 515 575 602 proprii,
601 515 806 581 suscitatas
818 536 888 600 per
899 515 1127 584 conflictum
1144 515 1309 588 vitalem

261 626 366 688 inter
387 643 446 686 res
458 627 634 686 externas
652 626 691 684 et
707 641 888 691 sensuum
911 641 1068 704 organa.
1111 623 1152 698 ld
1172 625 1305 712 igitur,

263 729 365 816 quod
384 747 453 794 nos
470 733 578 792 tactu
600 727 872 809 exploramus,
892 729 993 812 quod
1006 747 1196 814 soporem,
1216 732 1309 798 odo·

261 852 344 898 rem
355 876 367 908 ,
394 832 583 909 colorem,
605 829 731 918 iucem
752 835 790 893 et
816 849 954 894 sonum
975 829 1161 908 dicimus,
1183 838 1229 898 ut
1247 840 1306 898 ta·

264 940 321 1012 le,
357 935 468 1021 quale
484 931 740 1015 percipimus,
763 937 871 996 extra
891 951 961 998 nos
980 955 1059 1000 uon
1072 935 1229 1014 existit,
1247 938 1312 1004 sed

261 1040 374 1104 intra
386 1042 562 1116 nostrum
585 1033 847 1127 organismum
859 1078 872 1112 ,
909 1031 1225 1104 concernentibus
1249 1059 1311 1102 re·

235 1165 242 1200 ι
262 1125 350 1210 rum
375 1149 621 1208 externarum
644 1140 923 1226 qualitatibus,
957 1145 1098 1228 quibus
1116 1129 1230 1210 ¹certa
1250 1166 1310 1210 re·

213 1321 219 1340 ⁸
261 1249 454 1335 spondent
480 1265 609 1312 sensus
631 1263 801 1330 organa,
834 1244 1019 1328 gignitur.
1062 1250 1198 1312 Nullus
1218 1250 1313 1314 hinc
1396 1301 1400 1307 .

263 1354 398 1421 existit
422 1348 515 1418 odor
526 1369 599 1433 pro
614 1347 793 1427 homine,
812 1349 920 1434 cujus
934 1371 1071 1416 nervus
1084 1353 1312 1418 olfactorius

264 1468 323 1527 est
343 1459 584 1531 destructus,
606 1454 736 1518 nullus
754 1475 871 1519 sonus
892 1475 960 1539 pro
982 1475 1047 1533 eo,
1078 1456 1145 1542 qui
1162 1455 1312 1540 praeci·

218 1586 224 1604 ·
262 1567 351 1652 puis
376 1563 511 1648 organi
531 1557 881 1640 auditus-partibus
901 1551 1149 1644 destituitur,
1180 1569 1311 1650 estque

263 1667 339 1745 iis,
369 1664 509 1750 quibus
529 1661 796 1726 nobilissimae
822 1664 924 1726 oculi
941 1670 1071 1748 partes
1094 1664 1311 1734 destructae

266 1775 381 1846 sunt,
412 1772 553 1830 nature
565 1764 954 1848 universaperpetuis
965 1768 1134 1834 tenebris
1146 1774 1307 1856 sepulta.

348 1903 562 1994 Qualitates
580 1926 692 2004 sensu
714 1913 850 1971 nostro
872 1909 1184 1992 perceptasintra
1204 1935 1312 2000 orga-

230 2005 234 2016 '
266 2017 437 2084 nismum
455 2015 630 2076 nostrum
654 2008 786 2096 εἰμί)
806 1999 1226 2100 observationesporro
1240 2019 1317 2087 ,do-

268 2123 381 2195 cent,
398 2114 535 2201 quibus
547 2117 701 2178 constat
713 2157 726 2192 ‚
748 2129 973 2194 corporeum
984 2135 1141 2181 sensum
1150 2119 1220 2183 suh
1234 2133 1314 2187 ceri

185 2285 192 2294 ,
265 2223 316 2290 tis
325 2217 629 2288 circumstantiis
637 2215 733 2281 alios
743 2234 859 2298 saepe
873 2217 1050 2299 supplere
1068 2239 1213 2286 seusus.
1224 2223 1311 2288 Per·

265 2328 397 2393 tinent
408 2324 491 2404 'huc
512 2320 720 2394 insomnia,
743 2326 782 2384 et
796 2321 1156 2388 somnambulorum
1166 2327 1315 2410 praeci·

267 2453 344 2518 pue
363 2430 646 2514 phaenomena.
688 2426 769 2490 Huc
782 2423 901 2488 etiem
915 2423 1054 2491 reterri
1067 2427 1180 2494 debet
1189 2429 1316 2494 obser·

268 2537 401 2610 vatio,
426 2553 541 2620 quem
553 2531 831 2595 sessnsszsm
845 2530 887 2594 in
901 2530 1242 2614 vespertilionibus
1256 2533 1317 2599 in·

268 2634 400 2704 stituit
413 2657 424 2696 s
440 2636 528 2700 visu
539 2637 657 2712 enim,
666 2631 803 2695 auditu
816 2635 854 2694 et
865 2630 1026 2716 reliquis
1038 2632 1212 2699 sensibus
1224 2645 1314 2719 sp'o·

267 2743 389 2810 liatae
410 2760 476 2804 eae
494 2737 665 2813 bestiae,
685 2735 769 2802 sine
788 2735 944 2820 negotio
970 2739 1313 2818 circumvolarunt,

241 2839 244 2846 ’
267 2865 339 2916 nec
360 2845 404 2910 in
424 2843 505 2908 ulia
522 2837 770 2906 offenderunt
789 2815 991 2906 obstacula
1012 2842 1088 2927 ”).
1110 2844 1171 2908 Sic
1192 2845 1315 2912 etiam

270 2950 393 3040 pisces
415 2946 610 3012 excaecati
619 2950 657 3010 et
666 2943 870 3029 Anguillae
888 2943 1226 3031 capiteamputato
1238 2991 1249 3025 ,
1263 2957 1319 3039 ¹ut

268 3043 458 3121 Possm
478 3055 669 3130 testetur,
692 3048 904 3114 obstaculis
919 3048 1077 3116 evitatis
1100 3054 1316 3120 circumna-

270 3160 372 3221 tent.
415 3151 657 3218 Confirmant
673 3155 846 3216 nostram
861 3150 1045 3217 desensus
1067 3154 1316 3224 actionesen·

270 3257 440 3323 tentiam
470 3255 609 3322 deliria
651 3271 803 3342 qunque
834 3261 873 3320 et
899 3256 1036 3320 menie
1065 3258 1314 3325 transitorias
1423 3333 1428 3342 ,

271 3359 394 3427 nullis
422 3357 525 3422 enim
550 3359 820 3443 praesentibus
844 3357 1063 3422 manifestis
1092 3363 1322 3446 systematis

271 3465 429 3533 nervosi
454 3463 647 3545 organicis
671 3462 810 3541 vitiis,
839 3460 993 3524 eaedem
1022 3481 1081 3526 res
1112 3470 1318 3546 externae,

273 3566 445 3634 alienata
464 3583 696 3651 organorum
714 3563 890 3647 energia,
917 3568 955 3627 et
973 3565 1160 3629 conversis
1177 3567 1319 3635 biotici

230 3683 236 3699 ·
274 3670 531 3762 qualitatibus
543 3711 555 3745 ,
590 3672 744 3759 enimes
764 3667 927 3755 (indole
951 3687 1019 3734 sua
1033 3670 1165 3756 utique
1177 3669 1317 3736 immu-

276 3776 422 3864 tabidi)
452 3775 662 3858 incongrue
687 3773 910 3842 referuntur
924 3814 936 3848 ,
972 3773 1126 3860 suisque
1157 3775 1318 3858 objectis

274 3879 379 3948 haud
398 3877 674 3976 respondentes
691 3874 928 3942 suscitantur
949 3871 1188 3962 sensationes
1209 3879 1318 3944 etin·

275 3983 478 4054 tuitiones.

227 4191 240 4208 l
381 4124 418 4193 ⁸)
433 4115 611 4176 ΖΕΝΝΕΩΙ(
621 4117 714 4174 tactui
724 4107 835 4174 tribuit
843 4118 1005 4195 primatum
1014 4113 1226 4189 (cithares
1238 4121 1319 4180 Anu.

347 4211 380 4278 d.
399 4210 521 4284 Physit.
539 4209 574 4266 B·
592 4207 725 4274 xtvm.
740 4210 766 4274 Ι.
781 4210 859 4283 1814.
875 4230 909 4288 p.
926 4226 989 4286 19³·
1008 4228 1056 4288 sq.
1072 4240 1107 4264 -
1121 4211 1148 4274 14
1167 4211 1246 4276 ιειό.
1262 4213 1321 4297 nd.

345 4294 421 4367 XXI.
437 4298 764 4374 &tamam-1814.
1176 4337 1179 4346 .
1223 4305 1281 4378 οι)
