2888 4994
174 403 285 470 seer.
316 401 342 464 l.
364 399 615 486 sternuisse
639 411 884 470 cernemus
899 417 1081 474 classes.
1125 417 1186 492 149

109 529 258 596 'cause
282 547 352 612 3⁰⁰
373 565 414 580 -
440 537 510 601 800
532 529 743 594 invenerit.
790 531 892 600 Dum
915 553 981 596 eae
999 533 1182 600 lamellae

127 635 318 699 corticem
337 632 632 718 ingrediuntur,
656 633 894 698 canaliculos
906 637 1078 700 forment
1092 657 1181 703 cum

125 739 314 806 carinulis
335 741 529 813 alternos,
552 753 814 824 gyrorumque
836 741 980 822 species
1004 743 1045 804 in
1059 751 1182 806 exter·

124 863 179 907 na
199 843 379 908 cerebelli
396 842 497 906 facie
519 841 657 906 oritur.
701 843 884 925 Separeto
899 842 1067 924 cortice,
1090 845 1179 908 sub-

123 947 276 1014 stantia
301 945 531 1011 medullaris
553 953 590 1011 et
611 946 734 1012 bisin
757 949 1026 1014 membranam
1039 933 1180 1033 eipan·
1271 989 1273 992 -

122 1053 265 1116 disere
289 1055 432 1136 potest.
938 1055 941 1064 '

207 1193 408 1256 Processue
428 1190 610 1256 cerebelli
623 1212 686 1256 eeu
699 1211 822 1268 crura,
845 1213 864 1256 e
878 1191 1071 1258 fasciculis
1092 1211 1176 1256 me·

123 1297 257 1362 duliae
269 1296 432 1384 spinalis
453 1297 640 1380 producta
656 1307 669 1373 (
680 1304 710 1376 ς,
729 1309 805 1382 45¹·
817 1299 851 1384 )‚
870 1285 1043 1390 anterius
1066 1305 1104 1362 et
1115 1298 1176 1360 in·

120 1403 242 1467 serius
261 1419 352 1466 oum
384 1402 532 1466 cerebri
563 1387 736 1467 cruribus
757 1401 820 1487 (ς.
842 1413 916 1486 452.
935 1421 975 1465 rs.
994 1402 1067 1486 V.)
1088 1420 1178 1464 con·

122 1506 314 1590 fluentes,
350 1523 482 1571 arcum
511 1507 682 1572 formant
720 1509 1063 1592 protuberantem,
1110 1505 1178 1590 qui

123 1629 185 1694 po
199 1630 254 1674 ns
285 1609 457 1674 Veroli
471 1610 485 1672 i
507 1609 837 1694 (protuberentia
856 1607 1057 1675 annularis
1079 1607 1177 1672 Wil-

121 1713 206 1780 lisii
233 1737 261 1780 s.
283 1717 403 1779 nodus
426 1713 660 1806 encepbeli)
685 1715 828 1780 dicitur
848 1717 902 1804 s).
923 1713 1057 1798 iungit
1078 1691 1177 1776 iisec

118 1821 421 1908 ‘protuberantia
449 1827 578 1906 partes
609 1819 787 1885 cerebelli
818 1821 921 1885 intel
948 1839 996 1883 se
1015 1823 1057 1881 et
1087 1830 1176 1880 eum

121 1927 303 2006 cerebro,
326 1921 476 1990 utadeo
489 1941 622 1989 arcum
644 1923 883 2000 constituet,
910 1921 979 2008 qui
1000 1917 1174 1986 Reilio

115 2029 283 2096 docente
310 2033 489 2092 catenam
508 2027 816 2092 electromotorii
835 2029 1047 2110 apparatus
1068 2023 1172 2089 elao-
1265 2017 1269 2024 ’

1 2213 2 2216 ¹
116 2133 190 2202 dit.
223 2131 353 2200 Facies
375 2133 453 2216 ejus
479 2129 574 2194 nodi
606 2127 796 2206 exterior,
841 2129 1027 2195 inferiora
1048 2125 1168 2211 respi-

99 2239 225 2334 -ciens
237 2284 249 2317 ,
297 2237 519 2316 fornicata),
553 2237 703 2304 sulcum
737 2233 920 2313 exbibet,
971 2251 994 2294 e
1027 2233 1175 2313 postiae

113 2349 230 2428 parte
255 2342 303 2407 ed
327 2343 561 2422 anteriorem
589 2345 876 2414 excurrentem,
909 2334 1078 2400 arteriae
1100 2332 1168 2396 ba·-
1257 2375 1260 2384 ι
1316 2367 1317 2376 1

112 2447 245 2511 sileris
276 2447 508 2532 vestigium,
552 2452 683 2532 estque
715 2440 935 2508 substantia
962 2435 1169 2512 bie-albe,
1292 2478 1296 2504 ,

109 2547 236 2640 fibras
257 2547 487 2614 medullares
511 2549 746 2611 transversas
767 2544 966 2608 exbibens.
1010 2539 1168 2604 interne

110 2661 249 2724 autem
261 2657 392 2740 pontis
405 2657 557 2721 fabrica
569 2653 757 2720 intricata
768 2657 849 2716 ess:
874 2646 1049 2740 eontinet
1060 2647 1167 2712 eninr

110 2761 309 2826 cineream
327 2759 612 2836 substantiane,
633 2755 753 2820 fibras
774 2751 1008 2818 medullaree
1027 2763 1168 2834 augen-

110 2859 197 2934 tem
208 2911 219 2946 ,
243 2873 282 2930 et
299 2865 374 2929 bae
393 2863 503 2928 vario
524 2877 601 2928 sese
624 2861 828 2925 decusserit
848 2854 963 2921 modo
985 2855 1037 2940 t).
1059 2855 1167 2918 Gete-

106 2993 198 3041 rum
230 2967 426 3036 evolvitur
455 2965 684 3034 substantie·
702 2959 930 3027 medullaris
964 2964 1003 3023 et
1024 2959 1066 3022 in
1090 2958 1166 3022 beo

4 3093 6 3100 ’
109 3075 463 3161 encephali.parte·
483 3069 755 3156 pedetentim,
780 3072 824 3131 ut
845 3064 941 3131 adeo
964 3052 1166 3130 astense
1251 3097 1257 3112 κ
1306 3073 1308 3081 ’

106 3167 208 3252 nera'
229 3181 383 3244 cinerea
398 3177 622 3260 praevaleat
645 3191 785 3237 massa.
876 3249 881 3262 ἱ

193 3333 238 3399 ln
258 3317 413 3396 intimis
435 3325 617 3392 cerebelli
628 3321 894 3408 penetralibus
910 3325 948 3385 et
960 3320 1067 3384 intra
1080 3336 1159 3384 me·

109 3439 244 3506 ‹lullee
268 3435 506 3516 oblongetae
526 3427 727 3494 fesciculos
747 3423 1006 3490 rhomboides
1027 3421 1161 3488 existit

106 3564 250 3622 ceses,
281 3561 350 3625 per
370 3555 491 3623 aquae
517 3535 675 3600 ductum
695 3529 817 3618 Sylvii
835 3549 921 3596 cum
939 3529 1158 3602 ventriculo

104 3650 227 3717 tertio
243 3641 539 3730 'communicans
559 3635 581 3724 (
592 3647 709 3722 §.sm
730 3657 769 3706 ιι.
789 3635 899 3711 IV·)2
928 3653 1027 3718 quae
1047 3655 1157 3698 ven·
1217 3687 1220 3692 .

102 3752 330 3820 triculus
354 3749 567 3834 quartus
598 3741 744 3806 dicitur
772 3741 829 3821 u).
863 3736 1158 3802 circumscribi·
1259 3733 1262 3742 '

101 3865 169 3926 tur
188 3850 521 3924 ventriculusiste
533 3845 750 3932 parietibus
768 3846 954 3929 quatuor:
978 3837 1155 3922 superio.
1216 3831 1218 3836 ·
1266 3918 1270 3923 ·
1398 3846 1400 3850 .

100 3983 169 4040 re,
191 3955 362 4026 valvular
374 3951 557 4018 cerebelli
576 3951 746 4014 formato
758 3991 772 4025 ,
801 3941 1014 4018 inferiore,
1039 3959 1156 4024 quem

102 4068 194 4150 ipsa
211 4059 369 4146 effingit
391 4055 561 4122 medulla
578 4053 795 4134 -oblongata
804 4091 818 4128 ,
843 4047 975 4112 dextro
987 4041 1155 4132 ¹denique

98 4176 145 4238 et
163 4167 343 4239 sinistro,
368 4161 544 4226 cruribus
564 4153 765 4230 cerebelli,
794 4155 834 4214 et
852 4169 921 4234 pro
943 4149 1054 4232 parte
1072 4145 1154 4207 val·
1198 4197 1202 4206 .

102 4258 198 4361 sule
225 4287 331 4364 nuuc⁸
350 4265 594 4348 memorate,
630 4274 793 4345 cumque
817 4248 991 4318 cruribus
1016 4241 1165 4314 coliae·-
