2904 5002
142 375 266 444 snos.
288 367 348 436 vl.
370 367 603 436 Draunrrc.
626 342 1034 438 canomannica.
1089 384 1155 458 413

89 519 195 596 alii,
216 536 244 582 a
257 511 382 598 capite
395 507 498 592 orti,
519 507 581 574 vel
594 507 643 575 ad
660 507 929 596 cartilaginem
949 517 1157 604 maiorem,
1208 519 1216 604 ζ

22 616 25 624 ’
86 617 236 688 valed
263 618 407 684 tubum
440 614 521 697 aine
553 620 744 700 pergunt5
785 615 856 682 alii
883 619 1158 706 cartilaginem

24 768 56 806 Δ.
89 724 297 808 majoram
327 737 415 786 cum
448 717 810 804 conchajungunts
848 719 1014 807 denique
1045 731 1158 805 sunt,
1202 755 1207 766 ·

88 832 169 920 qui
190 828 246 894 ab
268 843 345 890 una
359 822 527 890 conchae
545 825 656 911 parte
670 823 719 890 ad
732 805 897 890 alteram
912 823 1079 890 tendunt
1098 830 1159 916 a).

179 993 341 1064 Meatus
365 991 584 1059 anditorius
606 989 649 1056 in
670 990 861 1079 plerisque
881 993 1159 1060 mammalibus

87 1100 248 1170 adultis
260 1097 406 1182 partim
420 1113 568 1176 osseus,
591 1096 739 1179 partim
759 1081 1160 1180 cartilaginea-mem·

86 1205 315 1273 branaceus
339 1205 410 1265 est.
442 1199 486 1263 ln
509 1197 670 1264 catacais
689 1201 819 1262 tamen
842 1198 1160 1266 canalemrefert

90 1318 264 1376 tenuem
283 1301 517 1381 admodum,
549 1308 587 1365 at
609 1320 713 1366 mere
740 1302 1052 1387 cartilaginaum.
1087 1305 1162 1368 Va·

93 1410 161 1477 ria
184 1413 323 1474 autam
351 1407 578 1472 observatur
604 1387 772 1482 eiusde'm
791 1403 1008 1489 ,longitudo
1037 1409 1075 1470 et
1095 1407 1160 1470 de·
1234 1399 1238 1418 '

95 1532 242 1582 cursus
264 1511 306 1577 in
330 1509 493 1596 diversis
517 1505 852 1596 mem'milerorum
876 1508 1087 1596 speciebus,
1111 1519 1160 1579 A·

92 1619 181 1706 pud
200 1633 292 1680 aves
309 1619 461 1678 meatus
481 1607 673 1677 acus'ticus
698 1611 908 1677 admodum
930 1615 1058 1680 brevis
1083 1635 1163 1683 cer·
1257 1625 1259 1632 '

89 1726 235 1800 nitur,
261 1736 331 1784 nec
355 1716 439 1781 ulla
457 1715 565 1781 adest
594 1715 699 1780 auris
731 1721 911 1804 externa,
937 1737 1053 1805 quam
1078 1722 1164 1804 plu·

95 1848 190 1896 mee
204 1866 216 1902 ,
243 1819 434 1908 singulari
449 1820 570 1894 ,modo
594 1819 826 1904 dispositae,
848 1821 983 1911 aliqua
1010 1831 1163 1892 ratione
1287 1869 1295 1886 .

94 1931 329 1998 imitantur.
351 1923 465 1988 Deest
483 1923 611 1990 omnia
630 1928 780 1988 meatus
806 1923 1023 1992 auditoriua
1040 1929 1080 1994 in
1103 1951 1183 1994 rem

94 2019 296 2121 ptilibua,
318 2028 549 2094 membrana
571 2023 753 2111 tympani
777 2013 993 2094 extrorsum
1024 2036 1162 2115 patan-

90 2146 146 2205 te.
169 2139 218 2204 ln
241 2133 432 2200 crocodilo
453 2129 588 2197 eadem
611 2131 839 2196 membrana
857 2131 1036 2215 operculo
1056 2141 1163 2200 cuta-

77 2235 369 2344 jdosmohili,
398 2233 618 2300 auriculam
648 2221 892 2311 somniante,
923 2235 1069 2320 tegitur
1097 2241 1161 2324 b).

60 2401 72 2417 .
99 2349 297 2411 ceramon
318 2336 474 2404 aurium
506 2335 548 2400 in
578 2334 628 2419 iis
649 2341 805 2401 tantum
838 2335 1074 2406 animalibus
1103 2361 1162 2406 re·
1214 2405 1219 2422 ,

23 2527 26 2536 Δ
95 2447 280 2534 peritur,
307 2455 466 2538 quorum
484 2447 638 2504 meatus
661 2438 797 2522 longus
817 2445 874 2504 est
897 2439 953 2528 c).
1077 2469 1080 2476 ·

127 2624 131 2632 ’
186 2549 421 2682 Membr⁶ana
437 2604 619 2692 tympani
641 2604 790 2671 itafera
803 2603 968 2672 sehabet
981 2607 1023 2675 in
1038 2627 1161 2678 mam-

97 2719 273 2789 malibne
296 2719 340 2780 ut
358 2713 401 2778 in
423 2711 608 2791 homine3
639 2712 808 2801 annulus
828 2717 972 2778 ,tamen
1006 2733 1162 2792 osseus,

97 2827 161 2891 cui
184 2817 395 2894 inseritur,
417 2811 593 2900 superius
616 2813 741 2895 maius
766 2813 807 2878 in
833 2813 1022 2898 plerisque
1040 2816 1161 2884 habet

96 2925 341 3014 deliquium,
378 2919 473 2985 licet
508 2917 550 2982 in
580 2915 666 2983 aliia
697 2917 948 3005 paucioribus
968 2921 1159 3003 perfectus

96 3035 217 3119 plene
245 3029 308 3095 eit.
331 3026 374 3107 In
397 3021 534 3090 avibus
561 3022 782 3107 superficies
809 3021 890 3108 ejus
921 3023 1077 3088 tunicae
1095 3045 1160 3111 op.

97 3137 274 3222 positam
291 3128 412 3193 habet
442 3126 630 3212 figuram,
656 3131 701 3191 ut
720 3125 816 3222 adeo
837 3130 1051 3212 antroraum
1071 3149 1161 3196 con·

99 3261 198 3306 vexa
223 3238 415 3304 cernatur.
450 3231 553 3297 Situs
583 3230 664 3315 ejus
689 3249 732 3294 eo
752 3236 811 3297 est
832 3229 956 3315 magis
980 3231 1159 3318 obliquus
1292 3307 1306 3324 N

99 3343 142 3409 in
162 3336 442 3408 mammalibue
473 3341 512 3400 et
527 3334 691 3414 a'vihue,
716 3351 790 3422 quo
810 3334 960 3400 acutius
982 3335 1157 3411 audiunt.

97 3433 380 3530 Inamphibiis
395 3436 529 3504 eadem
550 3437 730 3524 tympani
750 3437 983 3504 membrana
1005 3441 1159 3510 veriam

98 3545 225 3612 hahet
254 3542 450 3607 indoleme
482 3537 698 3636 ,testudinea
716 3539 980 3626 cartilaginea
1023 3543 1172 3638 potius.
1284 3553 1287 3560 “

98 3646 454 3735 gandentlamina,
476 3663 613 3709 cornea
624 3643 791 3730 quadam
807 3647 845 3707 et
857 3642 1026 3726 colorata
1038 3665 1159 3712 mem.

100 3753 230 3819 brana
248 3747 435 3826 obductu
456 3744 553 3832 apud
573 3745 738 3813 lacertas
766 3747 897 3810 eadem
916 3737 1049 3812 tunica
1074 3752 1156 3816 val-

100 3856 149 3920 de
174 3858 335 3944 tenera,
355 3850 477 3916 laevis
494 3855 531 3913 et
551 3848 746 3933 pellucido
762 3848 942 3916 cernitur.
966 3850 1081 3922 Deest
1094 3871 1156 3915 aa·

104 3957 194 4024 dem
218 3937 446 4021 membrana
476 3951 518 4016 in
547 3951 715 4034 piscibus
743 3952 847 4018 etin
876 3952 1154 4033 salamandra,

101 4057 170 4123 uhi
193 4061 231 4122 et
248 4039 585 4144 tympani'cavitas
600 4051 856 4134 desideratum
870 4053 1126 4120 Chamaeleon
1143 4099 1158 4135 ,

102 4178 196 4228 cavo
216 4155 399 4250 tympani
417 4155 586 4247 gaudens
598 4197 609 4238 ,
630 4156 856 4224 membrana
878 4158 1153 4244 tympanipco·
1214 4143 1217 4150 ¹
