2920 4998
121 365 135 381 ς
209 459 212 464 .
291 412 358 488 5ο4
460 397 546 462 Lro.
569 393 616 460 11.
640 394 729 457 car.
748 389 789 454 V.
812 390 868 456 Ds
894 401 1183 456 suesnroarsos

291 539 542 613 efficientiae,
565 544 696 622 estque
717 534 776 599 vis
809 531 969 600 animae
989 530 1167 609 infinite,
1190 533 1229 592 et
1246 529 1327 592 nul·

220 707 228 721 ,
290 642 340 706 lis
363 640 555 706 limitibus
578 641 783 704 restrictas
806 633 926 698 babet
944 635 1082 722 ,itaque
1107 635 1326 720 libertatem

295 750 527 814 absolutam.
574 788 577 796 ι

281 898 284 909 ’
375 893 468 954 Cum
491 905 648 970 corpore
665 887 796 946 eutem
821 879 1023 958 coniuncte
1043 899 1222 996 supreme
1241 882 1330 946 haec

292 993 372 1070 vis,
396 998 581 1076 quatenus
606 1005 756 1049 sensum
780 984 952 1062 animat,
977 991 1014 1046 et
1037 981 1114 1048 suis
1148 1003 1188 1048 se
1213 981 1332 1047 mani·

292 1099 412 1160 festet
433 1089 745 1174 operationibus,
763 1084 1030 1169 physiologiae
1053 1095 1108 1149 est
1131 1085 1332 1165 obiectum.

274 1198 494 1260 ‘Cernimus
532 1198 661 1258 autem
700 1191 899 1269 animam,
924 1203 1021 1275 quae
1063 1208 1222 1272 corpore
1252 1193 1332 1250 ten·

294 1317 409 1383 quam
429 1297 687 1382 instrumento
710 1295 856 1369 utitur,
880 1294 983 1376 cujus
1004 1312 1074 1374 ope
1095 1311 1165 1354 sua
1186 1290 1332 1374 peragit

294 1419 473 1477 munere,
497 1396 587 1462 licet
609 1395 691 1480 ipsa
721 1395 863 1460 mutari
896 1413 963 1476 per
986 1412 1188 1475 corporeas
1213 1389 1331 1478 ‹juell-

232 1501 236 1508 ’
293 1507 393 1566 tetes
422 1489 711 1584 haud'possit,
732 1497 939 1582 organismi
969 1497 1118 1583 legibus
1147 1497 1329 1560 hactenus

133 1617 135 1624 ’
239 1689 242 1696 .
294 1605 538 1702 obstrictam,
564 1609 605 1666 ut
628 1605 763 1690 exequi
783 1599 912 1664 officie
930 1620 999 1662 sua
1021 1621 1066 1663 ea
1088 1601 1241 1666 ratione
1262 1598 1331 1662 sel·

295 1711 368 1774 tim
389 1707 536 1789 possit,
561 1717 635 1792 'qua
664 1727 806 1790 organa
831 1726 920 1768 suae
948 1705 1188 1788 respondent
1213 1704 1333 1768 inten-

294 1815 412 1876 tioni.
447 1810 593 1874 Incidit
623 1811 765 1894 quippe
795 1829 921 1873 rerum
955 1815 1171 1873 creatarum
1207 1803 1334 1873 auctor

296 1912 526 2002 quibusdem
550 1913 719 1994 corporis
740 1914 860 1976 nostri
891 1913 1068 1995 partibus
1103 1935 1188 1977 eam
1216 1913 1332 1976 fabri·

297 2035 402 2091 cam,
427 2021 479 2078 et
485 2034 569 2078 eam
602 2013 744 2104 vjrium
770 2013 969 2078 informat'
941 2021 1109 2092 tionem,
1135 2024 1181 2080 ut
1204 2015 1330 2079 anima

294 2116 521 2199 impellente
556 2138 601 2182 ac
633 2118 813 2192 volente,
846 2113 1093 2205 admirandas
1126 2119 1331 2201 producere

296 2220 468 2285 actiones
491 2205 658 2284 valeant.
689 2221 759 2283 Eas
783 2227 910 2283 autern
935 2218 1088 2282 enimse
1107 2205 1331 2294 functiones

295 2327 387 2406 ques
408 2331 604 2404 supremas
627 2321 815 2398 dicimus,
837 2321 883 2391 ab
903 2323 1117 2404 organismi
1137 2318 1332 2408 qualitati·
1420 2319 1421 2322 ’

175 2483 179 2500 ,
295 2429 367 2490 bus
390 2427 848 2514 dependere,sequentes
879 2425 1132 2512 comprobent
1159 2430 1330 2493 observa·
1421 2479 1422 2486 ,

298 2530 436 2595 tiones.

386 2731 390 2742 ,
424 2672 457 2752 ι)
482 2669 694 2734 Constituit
712 2669 905 2734 cerebrum
928 2688 1014 2732 cum
1037 2670 1166 2732 nervis
1186 2669 1264 2736 suis
1277 2663 1330 2730 vi·

383 2774 500 2838 talem
525 2765 610 2836 surb
637 2775 787 2849 focum,
811 2795 830 2834 e
853 2792 927 2858 quo
955 2773 1107 2856 energia
1138 2776 1332 2846 dimanet,

383 2881 606 2964 organicum
628 2880 801 2944 efficiens
815 2878 924 2948 rinter
945 2902 1079 2966 corpus
1098 2892 1136 2950 et
1166 2887 1332 2952 enimam

382 2993 582 3055 vinculum
602 2987 653 3072 (ς.
680 2990 883 3072 Mil-1167).
919 2991 1059 3056 Eadem
1083 3001 1212 3058 autem
1232 3007 1332 3055 ener-

385 3096 449 3179 gia
467 3096 551 3180 pari
571 3115 609 3160 se
633 3095 750 3158 hebet
772 3093 923 3158 ratione
954 3113 1040 3159 cum
1075 3098 1223 3162 cerebri
1253 3108 1332 3177 per·

382 3197 550 3262 sectione
562 3242 573 3275 ,
596 3203 634 3260 et
653 3197 888 3260 advertimus
908 3197 1025 3260 simul
1037 3200 1197 3276 ‚mentis
1217 3197 1333 3262 fecul-

381 3305 481 3362 tates
502 3299 750 3384 proportione
772 3299 903 3362 eadem
923 3299 1049 3384 vigere
1069 3309 1129 3382 (σς.
1151 3295 1334 3382 445457.)-

377 3401 535 3487 =Etenim
560 3403 773 3477 memoria,
796 3400 1017 3466 intellectae
1049 3412 1088 3468 et
1116 3405 1218 3470 ratio
1249 3396 1331 3484 peri

384 3523 496 3586 passu
513 3523 606 3568 cum
628 3501 827 3586 accephali
860 3505 1038 3588 partibus
1070 3498 1330 3590 explicentur,

358 3629 452 3694 ⁸nec
484 3607 590 3694 pri'us
618 3609 868 3692 perfectionis
900 3628 987 3672 suae
1015 3611 1222 3692 edtingunt
1253 3623 1331 3686 gra·

384 3711 503 3789 dum,
527 3717 738 3796 antequam⁸
755 3715 882 3794 pertas
903 3709 1056 3774 eaedem
1077 3711 1247 3778 debitam
1265 3708 1332 3772 ha·

382 3811 540 3907 buerint
559 3811 849 3890 consistentiam
870 3817 909 3876 et
928 3813 1121 3879 volumen.
1156 3809 1331 3880 Demiou·

384 3927 425 3982 to
449 3917 589 3984 deinin
613 3923 808 3987 senectute
828 3919 1330 4003 reproduotionisproeeseu,

384 4021 551 4108 ipsisque
571 4009 726 4090 fibrillis
749 4021 1026 4088 medullaribus
1048 4013 1331 4091 siccisreduitis

384 4123 650 4204 tenacioribus
670 4129 708 4193 et
728 4121 978 4206 duriusculie,
1001 4124 1142 4190 mentis
1170 4119 1330 4188 faculta-

383 4236 440 4298 tes
463 4249 572 4334 suum
595 4229 765 4324 perdunt
790 4232 959 4320 vigorem
979 4233 1033 4320 (ς.
1055 4233 1169 4324 256·).
