<?xml version="1.0" encoding="UTF-8"?>
<!DOCTYPE html PUBLIC "-//W3C//DTD XHTML 1.0 Transitional//EN"
    "http://www.w3.org/TR/xhtml1/DTD/xhtml1-transitional.dtd">
<html xmlns="http://www.w3.org/1999/xhtml" xml:lang="en" lang="en">
 <head>
  <title>
</title>
<meta http-equiv="Content-Type" content="text/html;charset=utf-8" />
  <meta name='ocr-system' content='tesseract 3.04.00' />
  <meta name='ocr-capabilities' content='ocr_page ocr_carea ocr_par ocr_line ocrx_word'/>
</head>
<body>
  <div class='ocr_page' id='page_1' title='image "./physiologiamedi00lenhgoog_0295.png"; bbox 0 0 2946 5000; ppageno 0'>
   <div class='ocr_carea' id='block_1_1' title="bbox 243 352 1056 482">
    <p class='ocr_par' dir='ltr' id='par_1_1' title="bbox 243 352 1056 482">
     <span class='ocr_line' id='line_1_1' title="bbox 243 352 1056 482; baseline -0.03 -18"><span class='ocrx_word' id='word_1_1' title='bbox 243 408 310 482; x_wconf 68' lang='lat' dir='ltr'><strong>apr</strong></span> <span class='ocrx_word' id='word_1_2' title='bbox 351 355 355 366; x_wconf 34' lang='lat'>⁸</span> <span class='ocrx_word' id='word_1_3' title='bbox 489 387 576 452; x_wconf 76' lang='lat' dir='ltr'><strong>ura.</strong></span> <span class='ocrx_word' id='word_1_4' title='bbox 597 378 643 454; x_wconf 87' lang='lat'><strong>11.</strong></span> <span class='ocrx_word' id='word_1_5' title='bbox 662 352 822 466; x_wconf 67' lang='lat' dir='ltr'><strong>canti.</strong></span> <span class='ocrx_word' id='word_1_6' title='bbox 843 375 903 442; x_wconf 83' lang='lat' dir='ltr'><strong>Du</strong></span> <span class='ocrx_word' id='word_1_7' title='bbox 923 389 1056 444; x_wconf 78' lang='lat' dir='ltr'><strong>sessu.</strong></span> 
     </span>
    </p>
   </div>
   <div class='ocr_carea' id='block_1_2' title="bbox 250 521 1296 730">
    <p class='ocr_par' dir='ltr' id='par_1_2' title="bbox 250 521 1296 730">
     <span class='ocr_line' id='line_1_2' title="bbox 332 521 1296 618; baseline -0.01 -16"><span class='ocrx_word' id='word_1_8' title='bbox 332 535 411 601; x_wconf 81' lang='lat' dir='ltr'><strong>llas</strong></span> <span class='ocrx_word' id='word_1_9' title='bbox 439 533 568 597; x_wconf 88' lang='lat' dir='ltr'><strong>autem</strong></span> <span class='ocrx_word' id='word_1_10' title='bbox 578 523 933 618; x_wconf 68' lang='lat' dir='ltr'><strong>papillesorgenon</strong></span> <span class='ocrx_word' id='word_1_11' title='bbox 951 521 1197 607; x_wconf 80' lang='lat' dir='ltr'><strong>constituere,</strong></span> <span class='ocrx_word' id='word_1_12' title='bbox 1218 543 1296 611; x_wconf 85' lang='lat' dir='ltr'><strong>qua</strong></span> 
     </span>
     <span class='ocr_line' id='line_1_3' title="bbox 250 627 1296 730; baseline -0.015 -21"><span class='ocrx_word' id='word_1_13' title='bbox 250 641 461 730; x_wconf 84' lang='lat' dir='ltr'><strong>qualitates</strong></span> <span class='ocrx_word' id='word_1_14' title='bbox 481 648 685 714; x_wconf 78' lang='lat' dir='ltr'><strong>corporum</strong></span> <span class='ocrx_word' id='word_1_15' title='bbox 707 635 816 694; x_wconf 82' lang='lat' dir='ltr'><strong>tactu</strong></span> <span class='ocrx_word' id='word_1_16' title='bbox 842 627 1100 711; x_wconf 80' lang='lat' dir='ltr'><strong>explorandas</strong></span> <span class='ocrx_word' id='word_1_17' title='bbox 1125 631 1296 717; x_wconf 88' lang='lat' dir='ltr'><strong>percipi·</strong></span> 
     </span>
    </p>
   </div>
   <div class='ocr_carea' id='block_1_3' title="bbox 108 727 1299 823">
    <p class='ocr_par' dir='ltr' id='par_1_3' title="bbox 108 727 1299 823">
     <span class='ocr_line' id='line_1_4' title="bbox 108 727 1299 823; baseline -0.008 -17"><span class='ocrx_word' id='word_1_18' title='bbox 108 727 119 744; x_wconf 52' lang='lat'>⁸</span> <span class='ocrx_word' id='word_1_19' title='bbox 250 769 352 820; x_wconf 72' lang='lat' dir='ltr'><strong>mus,</strong></span> <span class='ocrx_word' id='word_1_20' title='bbox 373 733 826 814; x_wconf 71' lang='lat' dir='ltr'><strong>observationesdooent,</strong></span> <span class='ocrx_word' id='word_1_21' title='bbox 849 733 1171 820; x_wconf 88' lang='lat' dir='ltr'><strong>quibusoonetat,</strong></span> <span class='ocrx_word' id='word_1_22' title='bbox 1194 733 1299 823; x_wconf 79' lang='lat' dir='ltr'><strong>quod</strong></span> 
     </span>
    </p>
   </div>
   <div class='ocr_carea' id='block_1_4' title="bbox 169 837 1306 1750">
    <p class='ocr_par' dir='ltr' id='par_1_4' title="bbox 250 837 1301 1042">
     <span class='ocr_line' id='line_1_5' title="bbox 250 837 1300 926; baseline -0.014 -8"><span class='ocrx_word' id='word_1_23' title='bbox 250 849 406 918; x_wconf 84' lang='lat' dir='ltr'><strong>eaedem</strong></span> <span class='ocrx_word' id='word_1_24' title='bbox 426 845 468 910; x_wconf 92' lang='lat' dir='ltr'><strong>in</strong></span> <span class='ocrx_word' id='word_1_25' title='bbox 489 838 664 926; x_wconf 77' lang='lat' dir='ltr'>apicibus</span> <span class='ocrx_word' id='word_1_26' title='bbox 685 837 912 923; x_wconf 85' lang='lat' dir='ltr'><strong>digitorum,</strong></span> <span class='ocrx_word' id='word_1_27' title='bbox 924 855 1109 911; x_wconf 83' lang='lat' dir='ltr'><strong>manuum</strong></span> <span class='ocrx_word' id='word_1_28' title='bbox 1138 839 1300 921; x_wconf 85' lang='lat' dir='ltr'><strong>pedum·</strong></span> 
     </span>
     <span class='ocr_line' id='line_1_6' title="bbox 252 935 1301 1042; baseline -0.011 -23"><span class='ocrx_word' id='word_1_29' title='bbox 252 969 328 1042; x_wconf 86' lang='lat' dir='ltr'><strong>que</strong></span> <span class='ocrx_word' id='word_1_30' title='bbox 347 950 428 1018; x_wconf 88' lang='lat' dir='ltr'><strong>sint</strong></span> <span class='ocrx_word' id='word_1_31' title='bbox 450 943 615 1029; x_wconf 82' lang='lat' dir='ltr'><strong>majoros</strong></span> <span class='ocrx_word' id='word_1_32' title='bbox 635 989 646 1026; x_wconf 96' lang='lat'><strong>,</strong></span> <span class='ocrx_word' id='word_1_33' title='bbox 667 935 769 1030; x_wconf 85' lang='lat' dir='ltr'><strong>quod</strong></span> <span class='ocrx_word' id='word_1_34' title='bbox 788 939 898 1024; x_wconf 84' lang='lat' dir='ltr'><strong>nervi</strong></span> <span class='ocrx_word' id='word_1_35' title='bbox 924 957 1012 1006; x_wconf 87' lang='lat' dir='ltr'><strong>oum</strong></span> <span class='ocrx_word' id='word_1_36' title='bbox 1031 939 1080 1006; x_wconf 90' lang='lat' dir='ltr'><strong>iis</strong></span> <span class='ocrx_word' id='word_1_37' title='bbox 1092 942 1301 1024; x_wconf 81' lang='lat' dir='ltr'><strong>manifeste</strong></span> 
     </span>
    </p>

    <p class='ocr_par' dir='ltr' id='par_1_5' title="bbox 169 1046 1306 1679">
     <span class='ocr_line' id='line_1_7' title="bbox 205 1046 1303 1136; baseline -0.014 -10"><span class='ocrx_word' id='word_1_38' title='bbox 205 1083 207 1095; x_wconf 91' lang='grc'><em>·</em></span> <span class='ocrx_word' id='word_1_39' title='bbox 258 1052 572 1136; x_wconf 67' lang='lat' dir='ltr'><strong>communicent,</strong></span> <span class='ocrx_word' id='word_1_40' title='bbox 605 1046 788 1136; x_wconf 79' lang='lat' dir='ltr'><strong>quodeo</strong></span> <span class='ocrx_word' id='word_1_41' title='bbox 823 1051 1047 1120; x_wconf 67' lang='lat' dir='ltr'><strong>momento,</strong></span> <span class='ocrx_word' id='word_1_42' title='bbox 1079 1063 1154 1134; x_wconf 91' lang='lat' dir='ltr'><strong>quo</strong></span> <span class='ocrx_word' id='word_1_43' title='bbox 1174 1051 1303 1113; x_wconf 81' lang='lat' dir='ltr'><strong>lectus</strong></span> 
     </span>
     <span class='ocr_line' id='line_1_8' title="bbox 181 1147 1302 1244; baseline -0.012 -14"><span class='ocrx_word' id='word_1_44' title='bbox 181 1147 184 1158; x_wconf 58' lang='grc'><em>’</em></span> <span class='ocrx_word' id='word_1_45' title='bbox 250 1163 453 1241; x_wconf 71' lang='lat' dir='ltr'><strong>,exercetur</strong></span> <span class='ocrx_word' id='word_1_46' title='bbox 465 1191 481 1238; x_wconf 78' lang='lat'><strong>,.</strong></span> <span class='ocrx_word' id='word_1_47' title='bbox 497 1161 542 1222; x_wconf 80' lang='lat' dir='ltr'><strong>ul</strong></span> <span class='ocrx_word' id='word_1_48' title='bbox 556 1149 765 1239; x_wconf 57' lang='lat' dir='ltr'><strong>‘probabile</strong></span> <span class='ocrx_word' id='word_1_49' title='bbox 785 1156 866 1244; x_wconf 68' lang='lat' dir='ltr'><strong>est,</strong></span> <span class='ocrx_word' id='word_1_50' title='bbox 896 1150 943 1220; x_wconf 81' lang='lat' dir='ltr'><strong>ab</strong></span> <span class='ocrx_word' id='word_1_51' title='bbox 956 1148 1142 1218; x_wconf 84' lang='lat' dir='ltr'><strong>uberiore</strong></span> <span class='ocrx_word' id='word_1_52' title='bbox 1161 1151 1302 1216; x_wconf 88' lang='lat' dir='ltr'><strong>humo·</strong></span> 
     </span>
     <span class='ocr_line' id='line_1_9' title="bbox 169 1249 1302 1342; baseline -0.019 -6"><span class='ocrx_word' id='word_1_53' title='bbox 169 1249 179 1262; x_wconf 55' lang='grc'><strong><em>’</em></strong></span> <span class='ocrx_word' id='word_1_54' title='bbox 252 1285 344 1334; x_wconf 76' lang='lat' dir='ltr'><strong>uum</strong></span> <span class='ocrx_word' id='word_1_55' title='bbox 364 1259 521 1333; x_wconf 72' lang='lat' dir='ltr'><strong>adfluuu</strong></span> <span class='ocrx_word' id='word_1_56' title='bbox 544 1257 745 1342; x_wconf 75' lang='lat' dir='ltr'><strong>erigantur</strong></span> <span class='ocrx_word' id='word_1_57' title='bbox 767 1252 840 1339; x_wconf 82' lang='lat' dir='ltr'><strong>b),</strong></span> <span class='ocrx_word' id='word_1_58' title='bbox 861 1250 962 1338; x_wconf 92' lang='lat' dir='ltr'><strong>quod</strong></span> <span class='ocrx_word' id='word_1_59' title='bbox 973 1251 1218 1318; x_wconf 84' lang='lat' dir='ltr'><strong>exhalatione</strong></span> <span class='ocrx_word' id='word_1_60' title='bbox 1238 1271 1302 1316; x_wconf 85' lang='lat' dir='ltr'><strong>cu·</strong></span> 
     </span>
     <span class='ocr_line' id='line_1_10' title="bbox 181 1353 1305 1450; baseline -0.017 -14"><span class='ocrx_word' id='word_1_61' title='bbox 181 1440 185 1450; x_wconf 64' lang='grc'><em>,</em></span> <span class='ocrx_word' id='word_1_62' title='bbox 255 1371 310 1438; x_wconf 81' lang='lat' dir='ltr'><strong>tis</strong></span> <span class='ocrx_word' id='word_1_63' title='bbox 341 1363 527 1432; x_wconf 76' lang='lat' dir='ltr'><strong>cohibito</strong></span> <span class='ocrx_word' id='word_1_64' title='bbox 542 1359 668 1426; x_wconf 84' lang='lat' dir='ltr'><strong>idem</strong></span> <span class='ocrx_word' id='word_1_65' title='bbox 676 1375 805 1422; x_wconf 88' lang='lat' dir='ltr'><strong>sensus</strong></span> <span class='ocrx_word' id='word_1_66' title='bbox 839 1353 1092 1438; x_wconf 86' lang='lat' dir='ltr'><strong>deprimatur,</strong></span> <span class='ocrx_word' id='word_1_67' title='bbox 1116 1354 1305 1438; x_wconf 87' lang='lat' dir='ltr'><strong>denique,</strong></span> 
     </span>
     <span class='ocr_line' id='line_1_11' title="bbox 257 1455 1306 1561; baseline -0.018 -23"><span class='ocrx_word' id='word_1_68' title='bbox 257 1469 363 1561; x_wconf 84' lang='lat' dir='ltr'><strong>quod</strong></span> <span class='ocrx_word' id='word_1_69' title='bbox 385 1468 559 1537; x_wconf 75' lang='lat' dir='ltr'><strong>detrecto</strong></span> <span class='ocrx_word' id='word_1_70' title='bbox 579 1455 814 1545; x_wconf 84' lang='lat' dir='ltr'><strong>epidermide</strong></span> <span class='ocrx_word' id='word_1_71' title='bbox 835 1464 874 1521; x_wconf 89' lang='lat' dir='ltr'><strong>et</strong></span> <span class='ocrx_word' id='word_1_72' title='bbox 894 1456 969 1522; x_wconf 87' lang='lat' dir='ltr'><strong>reti</strong></span> <span class='ocrx_word' id='word_1_73' title='bbox 992 1475 1170 1535; x_wconf 81' lang='lat' dir='ltr'><strong>mucoso,</strong></span> <span class='ocrx_word' id='word_1_74' title='bbox 1204 1473 1306 1543; x_wconf 78' lang='lat' dir='ltr'><strong>quse</strong></span> 
     </span>
     <span class='ocr_line' id='line_1_12' title="bbox 180 1556 1305 1679; baseline -0.012 -35"><span class='ocrx_word' id='word_1_75' title='bbox 180 1662 188 1679; x_wconf 38' lang='grc' dir='ltr'><em>Ι</em></span> <span class='ocrx_word' id='word_1_76' title='bbox 256 1575 427 1664; x_wconf 81' lang='lat' dir='ltr'><strong>papillas</strong></span> <span class='ocrx_word' id='word_1_77' title='bbox 448 1571 604 1654; x_wconf 78' lang='lat' dir='ltr'><strong>tegunt,</strong></span> <span class='ocrx_word' id='word_1_78' title='bbox 627 1564 739 1631; x_wconf 90' lang='lat' dir='ltr'><strong>dolor</strong></span> <span class='ocrx_word' id='word_1_79' title='bbox 763 1563 1009 1628; x_wconf 83' lang='lat' dir='ltr'><strong>acerrimusa</strong></span> <span class='ocrx_word' id='word_1_80' title='bbox 1030 1579 1161 1630; x_wconf 87' lang='lat' dir='ltr'><strong>rerum</strong></span> <span class='ocrx_word' id='word_1_81' title='bbox 1182 1556 1305 1631; x_wconf 83' lang='lat' dir='ltr'><strong>‘exter-</strong></span> 
     </span>
    </p>

    <p class='ocr_par' dir='ltr' id='par_1_6' title="bbox 256 1668 789 1750">
     <span class='ocr_line' id='line_1_13' title="bbox 256 1668 789 1750; baseline -0.027 -5.892"><span class='ocrx_word' id='word_1_82' title='bbox 256 1696 402 1750; x_wconf 81' lang='lat' dir='ltr'><strong>narum</strong></span> <span class='ocrx_word' id='word_1_83' title='bbox 425 1677 604 1740; x_wconf 78' lang='lat' dir='ltr'><strong>contactu</strong></span> <span class='ocrx_word' id='word_1_84' title='bbox 627 1668 789 1738; x_wconf 88' lang='lat' dir='ltr'><strong>oriatur.</strong></span> 
     </span>
    </p>
   </div>
   <div class='ocr_carea' id='block_1_5' title="bbox 185 1788 1312 2314">
    <p class='ocr_par' dir='ltr' id='par_1_7' title="bbox 185 1788 1312 2314">
     <span class='ocr_line' id='line_1_14' title="bbox 262 1788 1307 1916; baseline -0.004 -29"><span class='ocrx_word' id='word_1_85' title='bbox 262 1851 266 1858; x_wconf 82' lang='lat'><em>·</em></span> <span class='ocrx_word' id='word_1_86' title='bbox 343 1820 518 1916; x_wconf 79' lang='lat' dir='ltr'><strong>Minime</strong></span> <span class='ocrx_word' id='word_1_87' title='bbox 529 1819 659 1881; x_wconf 89' lang='lat' dir='ltr'><strong>autem</strong></span> <span class='ocrx_word' id='word_1_88' title='bbox 685 1813 839 1892; x_wconf 84' lang='lat' dir='ltr'><strong>credas,</strong></span> <span class='ocrx_word' id='word_1_89' title='bbox 863 1788 924 1878; x_wconf 82' lang='lat' dir='ltr'><strong>eas</strong></span> <span class='ocrx_word' id='word_1_90' title='bbox 943 1811 1110 1898; x_wconf 80' lang='lat' dir='ltr'><strong>papillas</strong></span> <span class='ocrx_word' id='word_1_91' title='bbox 1133 1815 1235 1883; x_wconf 88' lang='lat' dir='ltr'><strong>solas</strong></span> <span class='ocrx_word' id='word_1_92' title='bbox 1247 1824 1307 1883; x_wconf 89' lang='lat' dir='ltr'><strong>ta</strong></span> 
     </span>
     <span class='ocr_line' id='line_1_15' title="bbox 215 1899 1310 2040; baseline -0.006 -46"><span class='ocrx_word' id='word_1_93' title='bbox 215 1999 217 2002; x_wconf 66' lang='grc'><strong>,</strong></span> <span class='ocrx_word' id='word_1_94' title='bbox 259 1899 349 1995; x_wconf 74' lang='lat' dir='ltr'><strong>&#39;otus</strong></span> <span class='ocrx_word' id='word_1_95' title='bbox 371 1939 543 2009; x_wconf 81' lang='lat' dir='ltr'><strong>organon</strong></span> <span class='ocrx_word' id='word_1_96' title='bbox 555 1918 817 2020; x_wconf 78' lang='lat' dir='ltr'><strong>constituere,</strong></span> <span class='ocrx_word' id='word_1_97' title='bbox 833 1916 1168 2040; x_wconf 82' lang='lat' dir='ltr'><strong>siquidamrerum</strong></span> <span class='ocrx_word' id='word_1_98' title='bbox 1189 1919 1310 1988; x_wconf 79' lang='lat' dir='ltr'><strong>exter</strong></span> 
     </span>
     <span class='ocr_line' id='line_1_16' title="bbox 185 2011 1310 2110; baseline -0.004 -14"><span class='ocrx_word' id='word_1_99' title='bbox 185 2039 187 2046; x_wconf 84' lang='grc'><em>’</em></span> <span class='ocrx_word' id='word_1_100' title='bbox 259 2033 403 2108; x_wconf 73' lang='lat' dir='ltr'><strong>narum</strong></span> <span class='ocrx_word' id='word_1_101' title='bbox 417 2011 686 2110; x_wconf 62' lang='lat' dir='ltr'><strong>impressionis</strong></span> <span class='ocrx_word' id='word_1_102' title='bbox 701 2064 712 2099; x_wconf 91' lang='lat'><strong>,</strong></span> <span class='ocrx_word' id='word_1_103' title='bbox 737 2011 935 2107; x_wconf 82' lang='lat' dir='ltr'><strong>quaesub</strong></span> <span class='ocrx_word' id='word_1_104' title='bbox 929 2021 1083 2106; x_wconf 82' lang='lat' dir='ltr'><strong>passivo</strong></span> <span class='ocrx_word' id='word_1_105' title='bbox 1099 2020 1310 2108; x_wconf 77' lang='lat' dir='ltr'><strong>digitorum</strong></span> 
     </span>
     <span class='ocr_line' id='line_1_17' title="bbox 267 2125 1312 2214; baseline -0.011 -11"><span class='ocrx_word' id='word_1_106' title='bbox 267 2140 372 2204; x_wconf 83' lang='lat' dir='ltr'><strong>stetu</strong></span> <span class='ocrx_word' id='word_1_107' title='bbox 387 2128 639 2214; x_wconf 82' lang='lat' dir='ltr'><strong>contingunt,</strong></span> <span class='ocrx_word' id='word_1_108' title='bbox 663 2145 817 2192; x_wconf 88' lang='lat' dir='ltr'><strong>sensum</strong></span> <span class='ocrx_word' id='word_1_109' title='bbox 830 2125 984 2212; x_wconf 90' lang='lat' dir='ltr'><strong>quidem</strong></span> <span class='ocrx_word' id='word_1_110' title='bbox 998 2127 1203 2211; x_wconf 80' lang='lat' dir='ltr'><strong>suscitent,</strong></span> <span class='ocrx_word' id='word_1_111' title='bbox 1224 2129 1312 2193; x_wconf 89' lang='lat' dir='ltr'><strong>uni·</strong></span> 
     </span>
     <span class='ocr_line' id='line_1_18' title="bbox 267 2227 1312 2314; baseline -0.013 -8"><span class='ocrx_word' id='word_1_112' title='bbox 267 2255 400 2306; x_wconf 88' lang='lat' dir='ltr'><strong>versae</strong></span> <span class='ocrx_word' id='word_1_113' title='bbox 423 2231 503 2297; x_wconf 85' lang='lat' dir='ltr'><strong>cuti</strong></span> <span class='ocrx_word' id='word_1_114' title='bbox 524 2230 726 2314; x_wconf 85' lang='lat' dir='ltr'><strong>proprium</strong></span> <span class='ocrx_word' id='word_1_115' title='bbox 740 2227 761 2311; x_wconf 84' lang='grc'>(</span> <span class='ocrx_word' id='word_1_116' title='bbox 773 2237 804 2306; x_wconf 82' lang='lat'><strong>§-</strong></span> <span class='ocrx_word' id='word_1_117' title='bbox 819 2231 914 2311; x_wconf 72' lang='grc'>148.)</span> <span class='ocrx_word' id='word_1_118' title='bbox 927 2272 949 2306; x_wconf 62' lang='grc'><strong>,,</strong></span> <span class='ocrx_word' id='word_1_119' title='bbox 962 2228 1125 2294; x_wconf 86' lang='lat' dir='ltr'><strong>minime</strong></span> <span class='ocrx_word' id='word_1_120' title='bbox 1143 2248 1233 2297; x_wconf 88' lang='lat' dir='ltr'><strong>vero</strong></span> <span class='ocrx_word' id='word_1_121' title='bbox 1252 2227 1312 2292; x_wconf 75' lang='lat' dir='ltr'><strong>dt·</strong></span> 
     </span>
    </p>
   </div>
   <div class='ocr_carea' id='block_1_6' title="bbox 80 2329 1311 2435">
    <p class='ocr_par' dir='ltr' id='par_1_8' title="bbox 80 2329 1311 2435">
     <span class='ocr_line' id='line_1_19' title="bbox 80 2329 1311 2435; baseline -0.028 -12"><span class='ocrx_word' id='word_1_122' title='bbox 80 2349 85 2364; x_wconf 79' lang='lat'><em>&#39;</em></span> <span class='ocrx_word' id='word_1_123' title='bbox 206 2415 212 2435; x_wconf 71' lang='lat'><strong>,</strong></span> <span class='ocrx_word' id='word_1_124' title='bbox 266 2341 455 2414; x_wconf 65' lang='lat' dir='ltr'><strong>stin-stote</strong></span> <span class='ocrx_word' id='word_1_125' title='bbox 478 2335 583 2428; x_wconf 54' lang='lat' dir='ltr'><strong>tectu</strong></span> <span class='ocrx_word' id='word_1_126' title='bbox 614 2329 930 2415; x_wconf 83' lang='lat' dir='ltr'><strong>perceptibilium</strong></span> <span class='ocrx_word' id='word_1_127' title='bbox 960 2333 1223 2418; x_wconf 78' lang='lat' dir='ltr'><strong>qualitatum,</strong></span> <span class='ocrx_word' id='word_1_128' title='bbox 1253 2335 1311 2418; x_wconf 74' lang='lat' dir='ltr'><strong>gi·</strong></span> 
     </span>
    </p>
   </div>
   <div class='ocr_carea' id='block_1_7' title="bbox 179 2435 1313 2742">
    <p class='ocr_par' dir='ltr' id='par_1_9' title="bbox 179 2435 1313 2742">
     <span class='ocr_line' id='line_1_20' title="bbox 265 2435 1311 2534; baseline -0.006 -24"><span class='ocrx_word' id='word_1_129' title='bbox 265 2439 527 2534; x_wconf 77' lang='lat' dir='ltr'><strong>gnantideas,</strong></span> <span class='ocrx_word' id='word_1_130' title='bbox 556 2435 709 2521; x_wconf 87' lang='lat' dir='ltr'><strong>idquod</strong></span> <span class='ocrx_word' id='word_1_131' title='bbox 731 2435 800 2500; x_wconf 83' lang='lat' dir='ltr'><strong>rel.</strong></span> <span class='ocrx_word' id='word_1_132' title='bbox 822 2438 1043 2504; x_wconf 75' lang='lat' dir='ltr'><strong>Srurrraoon</strong></span> <span class='ocrx_word' id='word_1_133' title='bbox 1067 2437 1311 2504; x_wconf 85' lang='lat' dir='ltr'><strong>evidentibus</strong></span> 
     </span>
     <span class='ocr_line' id='line_1_21' title="bbox 179 2538 1312 2633; baseline -0.006 -16"><span class='ocrx_word' id='word_1_134' title='bbox 179 2583 183 2590; x_wconf 92' lang='lat'>·</span> <span class='ocrx_word' id='word_1_135' title='bbox 265 2543 548 2633; x_wconf 81' lang='lat' dir='ltr'><strong>,experimentis</strong></span> <span class='ocrx_word' id='word_1_136' title='bbox 566 2538 736 2608; x_wconf 85' lang='lat' dir='ltr'><strong>ostendit</strong></span> <span class='ocrx_word' id='word_1_137' title='bbox 753 2539 809 2621; x_wconf 83' lang='lat' dir='ltr'><strong>c).</strong></span> <span class='ocrx_word' id='word_1_138' title='bbox 853 2541 891 2608; x_wconf 79' lang='lat' dir='ltr'><strong>si</strong></span> <span class='ocrx_word' id='word_1_139' title='bbox 913 2539 1017 2606; x_wconf 85' lang='lat' dir='ltr'><strong>enim</strong></span> <span class='ocrx_word' id='word_1_140' title='bbox 1039 2543 1160 2606; x_wconf 88' lang='lat' dir='ltr'><strong>oculis</strong></span> <span class='ocrx_word' id='word_1_141' title='bbox 1180 2543 1312 2628; x_wconf 78' lang='lat' dir='ltr'><strong>ligatis</strong></span> 
     </span>
     <span class='ocr_line' id='line_1_22' title="bbox 267 2643 1313 2742; baseline -0.006 -24"><span class='ocrx_word' id='word_1_142' title='bbox 267 2653 434 2742; x_wconf 76' lang='lat' dir='ltr'><strong>digitum</strong></span> <span class='ocrx_word' id='word_1_143' title='bbox 456 2646 572 2714; x_wconf 84' lang='lat' dir='ltr'><strong>alteri</strong></span> <span class='ocrx_word' id='word_1_144' title='bbox 598 2643 837 2732; x_wconf 83' lang='lat' dir='ltr'><strong>porrexeris,</strong></span> <span class='ocrx_word' id='word_1_145' title='bbox 861 2643 928 2732; x_wconf 90' lang='lat' dir='ltr'><strong>qui</strong></span> <span class='ocrx_word' id='word_1_146' title='bbox 947 2665 1060 2730; x_wconf 88' lang='lat' dir='ltr'><strong>super</strong></span> <span class='ocrx_word' id='word_1_147' title='bbox 1085 2648 1194 2731; x_wconf 85' lang='lat' dir='ltr'><strong>apice</strong></span> <span class='ocrx_word' id='word_1_148' title='bbox 1217 2647 1313 2730; x_wconf 81' lang='lat' dir='ltr'><strong>sius,</strong></span> 
     </span>
    </p>
   </div>
   <div class='ocr_carea' id='block_1_8' title="bbox 143 2747 1312 2846">
    <p class='ocr_par' dir='ltr' id='par_1_10' title="bbox 143 2747 1312 2846">
     <span class='ocr_line' id='line_1_23' title="bbox 143 2747 1312 2846; baseline -0.008 -19"><span class='ocrx_word' id='word_1_149' title='bbox 143 2747 147 2754; x_wconf 47' lang='lat'><strong>⁴</strong></span> <span class='ocrx_word' id='word_1_150' title='bbox 268 2758 438 2846; x_wconf 83' lang='lat' dir='ltr'><strong>perfecte</strong></span> <span class='ocrx_word' id='word_1_151' title='bbox 455 2761 588 2820; x_wconf 86' lang='lat' dir='ltr'><strong>tamen</strong></span> <span class='ocrx_word' id='word_1_152' title='bbox 601 2748 843 2839; x_wconf 83' lang='lat' dir='ltr'><strong>quiescente,</strong></span> <span class='ocrx_word' id='word_1_153' title='bbox 865 2767 999 2834; x_wconf 85' lang='lat' dir='ltr'><strong>corpus</strong></span> <span class='ocrx_word' id='word_1_154' title='bbox 1013 2749 1171 2836; x_wconf 75' lang='lat' dir='ltr'><strong>aliquod</strong></span> <span class='ocrx_word' id='word_1_155' title='bbox 1184 2751 1312 2830; x_wconf 82' lang='lat' dir='ltr'><strong>ducat,</strong></span> 
     </span>
    </p>
   </div>
   <div class='ocr_carea' id='block_1_9' title="bbox 176 2859 1329 4200">
    <p class='ocr_par' dir='ltr' id='par_1_11' title="bbox 176 2859 1329 4200">
     <span class='ocr_line' id='line_1_24' title="bbox 176 2859 1323 2949; baseline 0.006 -29"><span class='ocrx_word' id='word_1_156' title='bbox 176 2916 179 2920; x_wconf 84' lang='lat'><em>.</em></span> <span class='ocrx_word' id='word_1_157' title='bbox 269 2875 355 2936; x_wconf 88' lang='lat' dir='ltr'><strong>tum</strong></span> <span class='ocrx_word' id='word_1_158' title='bbox 376 2859 596 2949; x_wconf 80' lang='lat' dir='ltr'><strong>superficiei</strong></span> <span class='ocrx_word' id='word_1_159' title='bbox 614 2859 846 2949; x_wconf 81' lang='lat' dir='ltr'><strong>qualitatem</strong></span> <span class='ocrx_word' id='word_1_160' title='bbox 867 2863 906 2922; x_wconf 90' lang='lat' dir='ltr'><strong>at</strong></span> <span class='ocrx_word' id='word_1_161' title='bbox 924 2862 1077 2943; x_wconf 86' lang='lat' dir='ltr'><strong>tempus</strong></span> <span class='ocrx_word' id='word_1_162' title='bbox 1085 2909 1096 2944; x_wconf 88' lang='lat'><strong>,</strong></span> <span class='ocrx_word' id='word_1_163' title='bbox 1116 2880 1192 2947; x_wconf 85' lang='lat' dir='ltr'><strong>quo</strong></span> <span class='ocrx_word' id='word_1_164' title='bbox 1210 2861 1323 2926; x_wconf 88' lang='lat' dir='ltr'><strong>idam·</strong></span> 
     </span>
     <span class='ocr_line' id='line_1_25' title="bbox 229 2962 1314 3046; baseline -0.006 -7"><span class='ocrx_word' id='word_1_165' title='bbox 229 2995 232 3004; x_wconf 84' lang='grc'><strong>’</strong></span> <span class='ocrx_word' id='word_1_166' title='bbox 270 2971 384 3040; x_wconf 87' lang='lat' dir='ltr'><strong>durat</strong></span> <span class='ocrx_word' id='word_1_167' title='bbox 402 2971 623 3040; x_wconf 84' lang='lat' dir='ltr'><strong>contactus,¹</strong></span> <span class='ocrx_word' id='word_1_168' title='bbox 644 2963 853 3046; x_wconf 60' lang='lat' dir='ltr'><strong>percipiam</strong></span> <span class='ocrx_word' id='word_1_169' title='bbox 875 2962 1177 3046; x_wconf 83' lang='lat' dir='ltr'><strong>magnitudinem</strong></span> <span class='ocrx_word' id='word_1_170' title='bbox 1189 2971 1314 3032; x_wconf 83' lang='lat' dir='ltr'><strong>sutem</strong></span> 
     </span>
     <span class='ocr_line' id='line_1_26' title="bbox 270 3067 1314 3157; baseline -0.006 -16"><span class='ocrx_word' id='word_1_171' title='bbox 270 3074 466 3157; x_wconf 72' lang='lat' dir='ltr'><strong>eorporis,</strong></span> <span class='ocrx_word' id='word_1_172' title='bbox 484 3070 672 3154; x_wconf 81' lang='lat' dir='ltr'><strong>figuram,</strong></span> <span class='ocrx_word' id='word_1_173' title='bbox 691 3073 727 3132; x_wconf 87' lang='lat' dir='ltr'><strong>at</strong></span> <span class='ocrx_word' id='word_1_174' title='bbox 738 3075 930 3134; x_wconf 87' lang='lat' dir='ltr'><strong>tractuum</strong></span> <span class='ocrx_word' id='word_1_175' title='bbox 945 3067 1210 3151; x_wconf 86' lang='lat' dir='ltr'><strong>directionem,</strong></span> <span class='ocrx_word' id='word_1_176' title='bbox 1229 3085 1314 3136; x_wconf 78' lang='lat' dir='ltr'><strong>ver·</strong></span> 
     </span>
     <span class='ocr_line' id='line_1_27' title="bbox 230 3167 1319 3259; baseline -0.007 -15"><span class='ocrx_word' id='word_1_177' title='bbox 230 3243 234 3254; x_wconf 86' lang='grc'><em>,</em></span> <span class='ocrx_word' id='word_1_178' title='bbox 271 3178 322 3244; x_wconf 85' lang='lat' dir='ltr'><strong>bo</strong></span> <span class='ocrx_word' id='word_1_179' title='bbox 355 3170 474 3259; x_wconf 86' lang='lat' dir='ltr'><strong>spatii</strong></span> <span class='ocrx_word' id='word_1_180' title='bbox 501 3170 629 3237; x_wconf 85' lang='lat' dir='ltr'><strong>ideem</strong></span> <span class='ocrx_word' id='word_1_181' title='bbox 651 3167 757 3235; x_wconf 82' lang='lat' dir='ltr'><strong>haud</strong></span> <span class='ocrx_word' id='word_1_182' title='bbox 781 3168 969 3237; x_wconf 82' lang='lat' dir='ltr'><strong>advertes.</strong></span> <span class='ocrx_word' id='word_1_183' title='bbox 1013 3170 1169 3238; x_wconf 81' lang='lat' dir='ltr'><strong>Nullum</strong></span> <span class='ocrx_word' id='word_1_184' title='bbox 1194 3171 1319 3258; x_wconf 76' lang='lat' dir='ltr'><strong>igit-ur·</strong></span> 
     </span>
     <span class='ocr_line' id='line_1_28' title="bbox 267 3271 1327 3356; baseline -0.008 -8"><span class='ocrx_word' id='word_1_185' title='bbox 267 3285 330 3348; x_wconf 73' lang='lat' dir='ltr'><strong>est</strong></span> <span class='ocrx_word' id='word_1_186' title='bbox 350 3278 537 3356; x_wconf 87' lang='lat' dir='ltr'><strong>dubium,</strong></span> <span class='ocrx_word' id='word_1_187' title='bbox 560 3293 711 3338; x_wconf 87' lang='lat' dir='ltr'><strong>sensum</strong></span> <span class='ocrx_word' id='word_1_188' title='bbox 732 3277 856 3340; x_wconf 85' lang='lat' dir='ltr'><strong>tactus</strong></span> <span class='ocrx_word' id='word_1_189' title='bbox 876 3271 1182 3338; x_wconf 80' lang='lat' dir='ltr'><strong>sinemusculari</strong></span> <span class='ocrx_word' id='word_1_190' title='bbox 1202 3291 1327 3340; x_wconf 85' lang='lat' dir='ltr'><strong>sensu·</strong></span> 
     </span>
     <span class='ocr_line' id='line_1_29' title="bbox 273 3375 1314 3465; baseline -0.002 -19"><span class='ocrx_word' id='word_1_191' title='bbox 273 3379 335 3465; x_wconf 70' lang='grc' dir='ltr'><strong>(ς.</strong></span> <span class='ocrx_word' id='word_1_192' title='bbox 353 3379 427 3462; x_wconf 73' lang='grc'><strong>476.</strong></span> <span class='ocrx_word' id='word_1_193' title='bbox 441 3379 478 3464; x_wconf 85' lang='grc'><strong>),</strong></span> <span class='ocrx_word' id='word_1_194' title='bbox 501 3383 540 3444; x_wconf 87' lang='lat' dir='ltr'><strong>et</strong></span> <span class='ocrx_word' id='word_1_195' title='bbox 561 3376 644 3444; x_wconf 82' lang='lat' dir='ltr'><strong>sius</strong></span> <span class='ocrx_word' id='word_1_196' title='bbox 666 3377 794 3443; x_wconf 87' lang='lat' dir='ltr'><strong>activo</strong></span> <span class='ocrx_word' id='word_1_197' title='bbox 820 3375 1033 3460; x_wconf 79' lang='lat' dir='ltr'><strong>digitorum</strong></span> <span class='ocrx_word' id='word_1_198' title='bbox 1052 3379 1161 3440; x_wconf 82' lang='lat' dir='ltr'><strong>motu</strong></span> <span class='ocrx_word' id='word_1_199' title='bbox 1184 3377 1314 3444; x_wconf 87' lang='lat' dir='ltr'><strong>debile</strong></span> 
     </span>
     <span class='ocr_line' id='line_1_30' title="bbox 269 3471 1329 3572; baseline -0.001 -20"><span class='ocrx_word' id='word_1_200' title='bbox 269 3485 424 3572; x_wconf 89' lang='lat' dir='ltr'><strong>operari</strong></span> <span class='ocrx_word' id='word_1_201' title='bbox 443 3471 548 3550; x_wconf 87' lang='lat' dir='ltr'><strong>haud</strong></span> <span class='ocrx_word' id='word_1_202' title='bbox 566 3481 698 3567; x_wconf 77' lang='lat' dir='ltr'><strong>posses</strong></span> <span class='ocrx_word' id='word_1_203' title='bbox 720 3480 1017 3568; x_wconf 82' lang='lat' dir='ltr'><strong>undesequitur‚</strong></span> <span class='ocrx_word' id='word_1_204' title='bbox 1040 3484 1206 3567; x_wconf 85' lang='lat' dir='ltr'><strong>papillae</strong></span> <span class='ocrx_word' id='word_1_205' title='bbox 1228 3505 1329 3551; x_wconf 59' lang='lat' dir='ltr'><strong>ner-1</strong></span> 
     </span>
     <span class='ocr_line' id='line_1_31' title="bbox 251 3587 1325 3686; baseline -0.007 -26"><span class='ocrx_word' id='word_1_206' title='bbox 251 3613 360 3686; x_wconf 38' lang='lat' dir='ltr'><strong>,veae</strong></span> <span class='ocrx_word' id='word_1_207' title='bbox 382 3590 616 3675; x_wconf 77' lang='lat' dir='ltr'><strong>digitorum,</strong></span> <span class='ocrx_word' id='word_1_208' title='bbox 639 3606 737 3674; x_wconf 90' lang='lat' dir='ltr'><strong>quae</strong></span> <span class='ocrx_word' id='word_1_209' title='bbox 750 3587 974 3670; x_wconf 66' lang='lat' dir='ltr'><strong>ceteroquin*</strong></span> <span class='ocrx_word' id='word_1_210' title='bbox 992 3609 1012 3650; x_wconf 85' lang='lat' dir='ltr'><strong>a</strong></span> <span class='ocrx_word' id='word_1_211' title='bbox 1034 3589 1194 3674; x_wconf 82' lang='lat' dir='ltr'><strong>reliquie</strong></span> <span class='ocrx_word' id='word_1_212' title='bbox 1216 3588 1325 3661; x_wconf 74' lang='lat' dir='ltr'><strong>cutis,</strong></span> 
     </span>
     <span class='ocr_line' id='line_1_32' title="bbox 270 3688 1314 3790; baseline -0.007 -26"><span class='ocrx_word' id='word_1_213' title='bbox 270 3698 478 3790; x_wconf 85' lang='lat' dir='ltr'><strong>universae</strong></span> <span class='ocrx_word' id='word_1_214' title='bbox 493 3694 650 3777; x_wconf 84' lang='lat' dir='ltr'><strong>papillis</strong></span> <span class='ocrx_word' id='word_1_215' title='bbox 670 3713 747 3758; x_wconf 90' lang='lat' dir='ltr'><strong>non</strong></span> <span class='ocrx_word' id='word_1_216' title='bbox 770 3692 939 3756; x_wconf 90' lang='lat' dir='ltr'><strong>multum</strong></span> <span class='ocrx_word' id='word_1_217' title='bbox 960 3688 1169 3767; x_wconf 84' lang='lat' dir='ltr'><strong>differunt,</strong></span> <span class='ocrx_word' id='word_1_218' title='bbox 1191 3711 1314 3758; x_wconf 79' lang='lat' dir='ltr'><strong>unum</strong></span> 
     </span>
     <span class='ocr_line' id='line_1_33' title="bbox 272 3795 1320 3881; baseline -0.01 -10"><span class='ocrx_word' id='word_1_219' title='bbox 272 3797 602 3871; x_wconf 80' lang='lat' dir='ltr'><strong>tantumefficere</strong></span> <span class='ocrx_word' id='word_1_220' title='bbox 620 3797 758 3881; x_wconf 76' lang='lat' dir='ltr'><strong>organi</strong></span> <span class='ocrx_word' id='word_1_221' title='bbox 775 3801 901 3860; x_wconf 86' lang='lat' dir='ltr'><strong>taetus</strong></span> <span class='ocrx_word' id='word_1_222' title='bbox 918 3801 1091 3880; x_wconf 89' lang='lat' dir='ltr'><strong>partem,</strong></span> <span class='ocrx_word' id='word_1_223' title='bbox 1114 3795 1320 3880; x_wconf 79' lang='lat' dir='ltr'><strong>ipsumque</strong></span> 
     </span>
     <span class='ocr_line' id='line_1_34' title="bbox 270 3898 1316 3991; baseline -0.012 -17"><span class='ocrx_word' id='word_1_224' title='bbox 270 3907 355 3991; x_wconf 75' lang='lat' dir='ltr'><strong>ejus</strong></span> <span class='ocrx_word' id='word_1_225' title='bbox 374 3923 504 3972; x_wconf 81' lang='lat' dir='ltr'><strong>seusus</strong></span> <span class='ocrx_word' id='word_1_226' title='bbox 516 3900 830 3978; x_wconf 84' lang='lat' dir='ltr'><strong>instrumentum,</strong></span> <span class='ocrx_word' id='word_1_227' title='bbox 853 3899 1025 3966; x_wconf 84' lang='lat' dir='ltr'><strong>sitotum</strong></span> <span class='ocrx_word' id='word_1_228' title='bbox 1037 3899 1231 3980; x_wconf 87' lang='lat' dir='ltr'><strong>sumitur,</strong></span> <span class='ocrx_word' id='word_1_229' title='bbox 1253 3898 1316 3962; x_wconf 90' lang='lat' dir='ltr'><strong>in·</strong></span> 
     </span>
     <span class='ocr_line' id='line_1_35' title="bbox 272 4002 1316 4093; baseline -0.011 -15"><span class='ocrx_word' id='word_1_230' title='bbox 272 4009 524 4093; x_wconf 77' lang='lat' dir='ltr'><strong>tegrapotius</strong></span> <span class='ocrx_word' id='word_1_231' title='bbox 546 4003 791 4070; x_wconf 78' lang='lat' dir='ltr'><strong>extremitate</strong></span> <span class='ocrx_word' id='word_1_232' title='bbox 810 4003 1005 4086; x_wconf 89' lang='lat' dir='ltr'><strong>superiore</strong></span> <span class='ocrx_word' id='word_1_233' title='bbox 1018 4002 1210 4088; x_wconf 85' lang='lat' dir='ltr'><strong>etnervis,</strong></span> <span class='ocrx_word' id='word_1_234' title='bbox 1232 4018 1316 4068; x_wconf 83' lang='lat' dir='ltr'><strong>mu·</strong></span> 
     </span>
     <span class='ocr_line' id='line_1_36' title="bbox 272 4104 1113 4200; baseline -0.015 -18"><span class='ocrx_word' id='word_1_235' title='bbox 272 4115 335 4183; x_wconf 84' lang='lat' dir='ltr'><strong>tus</strong></span> <span class='ocrx_word' id='word_1_236' title='bbox 359 4114 439 4199; x_wconf 81' lang='lat' dir='ltr'><strong>ejus</strong></span> <span class='ocrx_word' id='word_1_237' title='bbox 457 4108 784 4200; x_wconf 58' lang='lat' dir='ltr'><strong>gubernentibun</strong></span> <span class='ocrx_word' id='word_1_238' title='bbox 807 4105 991 4178; x_wconf 82' lang='lat' dir='ltr'><strong>constitui</strong></span> <span class='ocrx_word' id='word_1_239' title='bbox 1011 4104 1074 4196; x_wconf 86' lang='lat' dir='ltr'><strong>d).</strong></span> <span class='ocrx_word' id='word_1_240' title='bbox 1108 4129 1113 4138; x_wconf 89' lang='lat'><strong>·</strong></span> 
     </span>
    </p>
   </div>
   <div class='ocr_carea' id='block_1_10' title="bbox 0 0 1504 5000">
    <p class='ocr_par' dir='ltr' id='par_1_12' title="bbox 0 0 1504 5000">
     <span class='ocr_line' id='line_1_37' title="bbox 0 0 1504 5000; baseline 0 0"><span class='ocrx_word' id='word_1_241' title='bbox 0 0 1504 5000; x_wconf 95' lang='lat' dir='ltr'><strong> </strong></span> 
     </span>
    </p>
   </div>
  </div>
 </body>
</html>
