2910 4996
280 395 324 464 66
414 394 503 495 Lis.
521 387 568 462 11.
589 391 681 455 cer
701 385 749 456 11
769 387 825 456 De
845 377 1019 456 voc'nrr
1040 403 1252 474 soonam

60 530 64 538 ⁶
177 614 179 618 .
287 548 574 618 observationes
597 544 826 621 ostendunt,
847 547 1180 632 quibuscons'tet‘',
1202 549 1342 617 obscu-

286 655 373 702 ram
394 640 433 698 et
452 649 610 696 raucam
631 628 742 694 reddi
768 649 928 712 vocem,
956 632 1025 700 ubi
1047 633 1186 719 larynx
1198 637 1337 701 morbo

288 737 457 826 quodam
479 733 673 808 adficitur,
696 739 812 820 atque
833 732 984 798 nullam
998 737 1113 818 plane
1126 757 1341 822 superesse,

286 845 381 908 dum
403 840 560 906 fistulae
578 825 714 903 a'ereae
735 837 874 900 vulnus
895 836 1092 922 infligitur
1113 842 1188 923 ”).
1208 843 1340 926 Ipsum

287 949 417 1007 eutem
439 940 568 1004 aiirem
589 937 682 1002 ite'
671 956 865 1003 incurrere
887 937 928 1002 in
947 938 1129 1021 glottidis
1151 940 1340 1024 ligamen·

285 1051 328 1111 te
340 1088 352 1122 ,
374 1049 421 1107 ut
441 1043 538 1108 haec
558 1059 646 1104 cum
669 1037 966 1123 cartilaginibus
988 1042 1162 1126 laryngis
1185 1049 1339 1110 contre-

286 1147 482 1221 miscent,
516 1141 597 1208 imo
626 1147 665 1206 et
688 1160 773 1208 ossa
792 1141 961 1224 capitis,
993 1145 1161 1229 pectoris
1186 1148 1224 1210 et
1247 1147 1336 1211 uni·

285 1250 389 1318 versi
410 1247 525 1334 plane
548 1239 720 1328 c'orporis
741 1245 783 1308 in
803 1251 955 1311 motum
975 1245 1217 1313 adducantur
1228 1259 1255 1327 ,'
1273 1257 1335 1314 ta-

105 1419 107 1426 ,
287 1353 369 1419 'ctus
385 1346 568 1423 ostendit.
590 1349 720 1413 Solent
732 1347 869 1430 igitur,
884 1349 952 1434 qui
969 1351 1102 1417 surdos
1115 1349 1335 1430 instruunt,

251 1509 256 1522 .
285 1453 586 1526 Ammannio
606 1458 842 1535 praeeunte,
875 1473 1036 1536 manum
1057 1476 1213 1537 eorum,
1249 1467 1338 1522 cum

78 1579 81 1586 ⁴
162 1588 167 1596 =
286 1575 400 1626 voces
424 1553 555 1631 edunt,
569 1574 636 1619 suo
649 1552 855 1620 admovere
868 1556 1036 1642 leryngi,
1048 1564 1093 1624 ut
1105 1559 1258 1625 imitari
1270 1579 1337 1648 eos

286 1662 443 1741 motus,
461 1651 503 1724 ¹et
527 1655 638 1746 loqui
662 1657 811 1723 discant
830 1658 891 1748 a).

353 1807 491 1889 ipsam
514 1807 647 1868 autem
662 1819 795 1867 vocem
820 1805 1101 1871 automaticam
1123 1807 1230 1872 haud
1252 1828 1332 1874 esse

153 1951 156 1958 -
285 1905 688 1996 productionem‚nec
712 1907 1033 1990 phaenomenon,
1046 1910 1334 1994 elegibusme·
1423 1957 1426 1966 ‚

202 2058 206 2064 ·
287 2003 460 2082 chanicis
484 2007 774 2094 exponendum,
796 2030 932 2075 verum
951 2011 1135 2078 animalis
1148 2017 1256 2080 vitae
1272 2036 1337 2080 su-

280 2135 456 2208 premam
477 2113 861 2188 manifestationem,
884 2113 1149 2180 musculorum
1164 2117 1334 2184 arbitra·
1340 2099 1345 2108 ⁴

283 2223 347 2292 ria
366 2215 519 2284 actione
539 2215 790 2295 suscitatam,
824 2220 864 2279 et
881 2214 992 2281 nervi
1010 2217 1102 2302 vagi
1129 2221 1334 2286 vitalitate

285 2325 568 2414 gubernatam,
591 2319 786 2416 plurimae
806 2320 1018 2392 ostendunt
1035 2321 1338 2391 observationes.

285 2429 442 2498 Etenim
462 2422 667 2506 respiratio
678 2399 918 2505 tortissima,
950 2425 993 2488 ni
1016 2426 1199 2492 voluntas
1225 2429 1337 2504 adce-

294 2534 388 2607 dat,
420 2525 484 2619 vel
508 2521 619 2591 muta
640 2527 791 2610 penitus
829 2532 910 2604 est,
944 2525 1007 2591 vel
1035 2527 1150 2612 sibile
1174 2538 1345 2613 tantum,

286 2637 321 2704 si
342 2621 499 2724 morbus
522 2627 716 2710 adfuerit3
749 2625 932 2693 musculis
960 2631 1141 2730 leryngis‘
1157 2635 1334 2720 paralysi

283 2739 469 2817 adfectis,
491 2732 565 2799 etsi
577 2732 730 2818 integra
746 2734 800 2798 sit
818 2734 1049 2819 respiratio,
1073 2755 1147 2800 vox
1166 2739 1335 2820 proferri

284 2841 459 2930 nequit·
482 2827 658 2921 Quantus
681 2842 811 2902 eutem
823 2857 1031 2926 nervopum
1047 2829 1336 2913 sitiirfluxusin
1414 2821 1418 2828 ’

287 2950 395 3016 vocis
416 2945 563 3028 organa
575 2985 587 3018 ,
609 2959 751 3005 nervus
763 2957 881 3024 vagus
893 2941 1090 3006 revinctus
1111 2945 1338 3011 eutrocisus

286 3053 308 3139 (
320 3061 350 3132 t.
364 3049 473 3133 1230.)
494 3043 686 3126 ostendit,
705 3049 744 3108 et
765 3049 917 3110 constet
937 3046 1199 3130 experientia,
1227 3049 1336 3116 vocis
1400 3121 1407 3136 ,

286 3153 548 3223 intensionem
580 3139 621 3215 et
647 3145 807 3212 modum
827 3166 896 3231 per
926 3153 1118 3227 aetatem,
1141 3171 1210 3235 per
1233 3171 1338 3219 mor.

173 3331 178 3340 ,
237 3238 239 3246 ’
286 3261 380 3340 bos,
422 3274 567 3342 perque
595 3249 720 3316 enimi
752 3256 881 3316 motus
916 3253 1064 3318 mutari
1093 3256 1338 3338 plurimum

290 3359 385 3450 quid
405 3357 503 3446 quod
524 3357 613 3440 ipsi
627 3351 747 3420 etiam
764 3349 906 3418 diversi
926 3348 1084 3421 catenae
1098 3357 1338 3423 Galvanicae

229 3546 241 3556 ἢ
289 3468 396 3555 poli,
410 3485 537 3532 nervo
559 3479 660 3546 vago
688 3462 730 3528 iu
750 3457 878 3526 brutis
906 3460 1144 3527 animalibus
1167 3463 1354 3554 admoti„

287 3574 451 3656 ejulatus
463 3570 616 3634 mutent
631 3567 792 3628 tonum.
803 3562 1008 3666 positivus
1022 3573 1191 3652 acutum,
1213 3588 1333 3657 nega·

289 3676 397 3743 tivus
417 3690 511 3737 vero
523 3685 681 3753 gravem
693 3632 896 3750 producat
901 3667 1075 3734 sonitum
1094 3670 1158 3756 b).

255 3863 271 3875 ‘
319 3834 894 3924 Etsiigituringeniosasint,
914 3833 1136 3921 queeDion.
1159 3833 1335 3899 Dousnr

284 3950 370 4038 c)et
383 3949 471 4014 Ant.
482 3941 668 4005 Ἑιιιιιιιιιι
680 3935 778 4018 d)de
791 3937 899 4004 vocis
912 3937 1066 4003 theoria
1078 3935 1336 4020 adduxerunt,

208 4079 210 4086 ·
284 4054 534 4133 multumque
553 4041 724 4106 illustret
736 4041 904 4124 partium
917 4041 1111 4107 actionem
1126 4057 1335 4122 compare·

285 4158 347 4222 tio
368 4171 454 4220 cum
473 4145 586 4213 tibiis
619 4135 657 4208 et
678 4142 924 4228 syringibus,
956 4135 1016 4208 vel
1048 4157 1133 4206 cum
1162 4140 1336 4206 fidiculis

289 4253 546 4338 sonantibus,
573 4245 853 4334 ipsumtsmeu
870 4247 992 4318 vitale
1015 4244 1120 4358 uocis
1139 4261 1335 4333 organon,
