2898 4996
108 437 112 448 ,
186 347 193 371 ’
270 377 333 448 ees
384 313 401 429 f
525 339 613 439 tre.
634 370 683 441 11.
705 373 795 462 css.
813 369 873 439 Ν.
892 371 951 456 ne
971 341 1107 441 essse.

198 584 201 591 ,
271 521 429 585 riuntur
451 517 726 583 mutationem.
748 517 858 581 Valet
869 517 910 582 id
921 516 1183 604 praecipuede
1192 539 1319 616 serre·

268 626 455 701 tionibus,
476 608 573 711 quae
586 637 736 702 omnem
748 628 882 712 utique
894 629 1311 698 comitenturfunctio-

222 714 225 726 ι
258 730 422 812 ··9nem(.
393 739 507 812 4349.
511 729 544 815 )‚
558 717 1125 814 cumquepartiumsol'idarum
1145 737 1312 822 etliqui·

221 866 225 872 ¹
266 837 406 900 darum
421 833 722 917 metamorphosi
735 835 945 938 junguntur
958 833 1009 917 (4
1021 839 1126 926 453)
1138 839 1311 927 adeoque

154 961 187 1017 .·'.
269 935 406 1004 nervos
429 939 546 1002 simul
577 936 833 1022 qualitatibus
860 940 936 1001 suis
959 947 1109 1004 mutare
1131 939 1214 1021 (99.
1235 946 1311 1026 965·

266 1049 339 1125 967.
352 1047 396 1130 9,
427 1049 636 1107 attonsum
650 1041 800 1106 varium
816 1039 837 1122 (
850 1029 878 1118 9
893 1042 1000 1126 469.)
1020 1044 1134 1110 certis
1152 1048 1266 1110 sub
1234 1067 1309 1112 crr

206 1187 211 1202 .
268 1147 511 1214 cumstantiis
530 1147 715 1221 suscitare
734 1145 888 1208 debent.

255 1284 260 1295 Ι
330 1306 558 1374 'Nervorum
580 1300 750 1390 copiast
773 1305 1007 1374 distributio·
1027 1310 1196 1395 corporei
1218 1331 1306 1378 sen·

234 1405 236 1420 ’
265 1437 326 1480 sus
352 1414 549 1496 energiam
572 1416 610 1474 et
631 1411 788 1476 modum
802 1432 847 1476 ex
864 1417 1096 1496 contutant,
1114 1407 1307 1501 siquidem

158 1561 161 1574 .
266 1516 502 1606 sensibilitas
523 1516 695 1598 partium
712 1517 800 1598 pari
820 1516 971 1591 ratione
991 1537 1030 1582 se
1050 1519 1195 1589 hab-eat
1218 1541 1308 1590 cum

265 1635 473 1690 nervorum
493 1639 653 1684 numero
673 1622 957 1704 (44176463.)
979 1622 1307 1711 variaquadistri.

263 1730 400 1802 butio,
433 1725 687 1788 anastomosis
719 1731 758 1787 et
787 1723 1006 1810 conjunctio
1030 1737 1118 1794 cum
1136 1730 1306 1799 aliorum

267 1847 474 1897 nervorum
508 1827 624 1892 ramis
657 1824 850 1904 efficiat,
865 1833 908 1893 ut
935 1835 1135 1896 contectus
1161 1843 1309 1918 puncta

266 1935 344 1999 sint
363 1921 476 2014 plura
495 1931 556 1991 vel
577 1929 781 2012 pauciora,
799 1936 836 1994 at
853 1931 982 1995 varius
997 1933 1048 1995 sit
1060 1931 1162 1998 inter
1174 1943 1305 2018 partes

264 2034 494 2104 remotiores
521 2051 740 2106 consensus,
783 2038 822 2097 et
849 2034 1073 2118 sympathia
1103 2035 1122 2117 (
1138 2045 1169 2113 9.
1193 2053 1267 2116 292
1276 2050 1302 2116 9

263 2135 378 2206 Varia
399 2143 599 2224 praetar‘ea
617 2153 825 2202 nervorum
846 2139 1097 2202 consistentia
1110 2181 1121 2214 ,
1134 2119 1303 2210 etdifl‘e.
1326 2132 1333 2226 ζ

262 2236 350 2318 rene
371 2235 491 2306 nefors
512 2241 642 2306 mistio
662 2260 706 2304 ac
722 2241 850 2304 forma
880 2238 1059 2321 organica
1084 2244 1236 2309 variam
1259 2248 1303 2314 in

259 2349 435 2434 partibus
446 2345 607 2410 diversis
620 2345 667 2408 iis
677 2341 818 2409 tribuit
828 2341 1136 2427 receptivitate'm
1149 2332 1303 2417 e't'eners

258 2453 384 2550 giam,
404 2448 541 2536 quibus
555 2465 786 2532 organorum
801 2465 929 2510 sensus
943 2445 1157 2513 intentione
1170 2457 1207 2514 et
1218 2473 1301 2520 mo·

261 2545 308 2622 do
337 2556 511 2622 differens
541 2553 727 2620 redditur.
771 2550 984 2619 Maximum
1009 2556 1139 2616 eutem
1167 2551 1300 2644 discri-

225 2694 227 2706 ·
260 2674 348 2726 men
372 2651 847 2725 faciantnervicerterum
859 2657 1052 2741 partium,
1075 2663 1191 2740 prout
1211 2678 1297 2724 cum

259 2767 468 2850 encephalo
486 2782 625 2828 nexum
643 2763 854 2826 habuerint
873 2762 1059 2842 maiorem
1082 2771 1150 2828 aut
1171 2763 1300 2829 mino*

257 2893 360 2946 ram,
398 2867 644 2932 conductores
673 2863 840 2945 fuerint,
870 2861 1214 2930 semiconductores
1236 2863 1299 2931 val

225 2985 230 2999 '
258 2975 497 3057 separatores
529 2969 592 3052 (9.
619 2965 732 3046 181·).
763 2965 1014 3052 Gangliorum
1039 2967 1141 3034 enim
1166 2972 1297 3050 nervi,

257 3083 302 3140 ut
320 3075 438 3139 toties
458 3071 604 3134 dictum
625 3074 680 3132 est
692 3113 703 3147 ,
732 3065 961 3135 innormali
983 3073 1086 3161 statu
1100 3094 1122 3137 a
1142 3073 1296 3140 cerebro

255 3175 419 3256 sejuncti
440 3173 622 3237 hactenus
639 3175 813 3247 sunt,‘ut
833 3167 1159 3256 metamorphoses
1171 3219 1182 3252 ,
1201 3196 1295 3262 quas

257 3277 414 3370 adsidue
436 3273 659 3358 patiuntur,
688 3267 736 3338 ad
755 3275 917 3340 censorii
939 3273 1062 3340 locum
1087 3278 1297 3343 conducere

228 3423 234 3452 .
254 3385 457 3466 nequeant.
488 3379 551 3441 Est
574 3378 706 3464 itaqua
730 3398 862 3442 earum
880 3382 1051 3463 partium
1073 3389 1110 3446 et
1133 3385 1295 3466 organo·

137 3501 140 3506 ’
256 3507 363 3560 rums
399 3497 494 3569 quaa
526 3468 754 3564 vegetativis
785 3491 938 3551 tantum
969 3487 1136 3572 gaudent
1165 3489 1294 3556 nervis

253 3594 452 3681 (hepatis,
474 3595 704 3684 pancrantis,
725 3594 851 3671 lienis,
873 3597 996 3662 cordis
1018 3600 1141 3687 atu),
1163 3621 1293 3666 sensus

255 3699 471 3765 admodum.
495 3699 696 3776 obscurus,
729 3719 772 3792 ac
793 3721 860 3782 per
885 3701 1111 3766 abnormem
1138 3712 1295 3770 tantum

252 3811 398 3868 statum
420 3809 458 3866 et
480 3799 603 3867 certis'
616 3803 684 3866 sub
699 3802 970 3868 circumstatiis
983 3792 1041 3869 ita
1054 3808 1296 3890 exaltandus,

249 3917 294 3976 ut
314 3909 558 3974 manifestam
583 3911 768 3976 suscitare
788 3909 917 3974 valeat
939 3914 1210 3980 sensationem.
1240 3917 1293 3980 11-

249 4016 289 4078 la
309 4020 439 4078 autem
459 4033 605 4097 organa
631 4015 914 4110 reprodulctiva3
937 4030 1099 4100 quorum
1121 4015 1293 4081 functio·

135 4178 138 4190 ,
246 4131 313 4184 nes
335 4141 403 4204 par
424 4137 577 4193 sensum
608 4133 826 4199 corporeum
853 4118 933 4201 (ne
955 4140 1040 4184 cum
1063 4118 1166 4183 vitae
1190 4123 1294 4203 peri-

172 4265 191 4298 s
250 4223 334 4287 aulo
363 4215 610 4308 negligantur
640 4230 707 4287 eut
731 4220 1058 4311 supprimantur)
1082 4221 1292 4289 sollicitari
