2904 5002
380 405 383 414 .
409 353 531 428 'seen
553 357 607 424 Νι
628 357 687 424 Du
708 375 867 426 ιιιιιιτιι.
910 327 913 334 ’
1113 373 1187 442 cor
1286 437 1303 460 ι,

131 523 321 615 impulsus
341 522 582 590 mechanicos
603 521 856 605 potissimum
888 521 1103 607 excitatur,
1138 531 1178 592 et

130 649 221 695 son
235 629 342 693 itus
371 625 535 707 dicitur,
557 629 746 708 ,cujusque
769 621 942 690 indolem
963 626 1078 708 paulo
1115 627 1176 691 in·

131 733 252 798 ferius
288 727 566 814 disquiremus,
601 726 783 792 auditu
808 727 1057 809 percipimus.
1088 729 1177 794 Tri·

131 833 220 900 buit
233 839 377 898 nature
395 828 551 896 homini
570 831 613 896 in
632 831 705 896 hoc
725 829 844 894 etiam
857 845 969 894 sensu
983 832 1179 916 quandem
1287 842 1290 848 '

133 935 470 1021 praerogativam
487 934 648 1019 organis
659 933 762 998 enim
774 932 875 996 mira
888 932 1041 1000 ratione
1054 937 1177 1002 febre·

133 1041 250 1107 factis
271 1057 315 1104 ec
337 1039 584 1122 compositis,
608 1032 716 1102 etita
744 1036 927 1119 perfectis
948 1057 1035 1102 eum
1054 1037 1177 1105 1nfor
1206 1105 1210 1116 ,
1300 1053 1302 1062 ’

134 1143 284 1222 mevit,
314 1148 360 1207 nt
389 1160 570 1206 sonorum
593 1140 733 1215 robur,
757 1146 936 1205 tenorem
958 1145 996 1205 et
1018 1162 1178 1209 concen-
1160 1155 1189 1194 -0

136 1255 250 1332 tum,
283 1244 457 1332 aliasque
483 1231 698 1332 peculiares
720 1244 957 1310 differentias
979 1248 1177 1374 percipere

17 1403 19 1410 ι
127 1355 265 1441 possit.

214 1495 469 1574 Mammalia,
497 1491 652 1560 homini
679 1492 897 1575 viciniora,
906 1496 1093 1577 perfecto
1115 1519 1177 1564 se·
1240 1581 1245 1590 ¹

123 1603 176 1674 tis
198 1606 237 1669 et
259 1602 444 1668 distincto
467 1599 637 1684 gaudent
657 1579 819 1675 auditu,
851 1603 895 1662 ut
913 1599 1011 1664 adeo
1030 1595 1177 1667 articu-

128 1709 234 1772 latas
261 1721 568 1820 nonnunquam
576 1721 689 1767 voces
727 1700 966 1786 distinguere
1000 1702 1176 1784 discant,

51 1859 54 1864 .
127 1813 331 1894 certosque
353 1811 486 1886 tonos,
509 1782 554 1869 'ut
568 1823 707 1870 canum
721 1803 833 1870 docet
849 1805 1090 1888 exemplum,
1106 1807 1176 1872 in-

100 1917 232 1998 ·grete
252 1913 396 1978 ierant.
440 1909 537 1974 Aves
560 1907 711 1974 varias
717 1914 900 2006 tonorum
930 1904 1176 1976 differentias

125 2014 264 2082 auditu
289 2012 559 2096 distinguunt,
584 2013 628 2076 ut
654 2011 800 2077 oscines
815 2031 947 2076 vocem
959 2003 1189 2080 humanem'

127 2125 169 2185 et
190 2117 359 2183 aliorum
381 2115 610 2196 brutorum,
633 2134 677 2184 ac
698 2105 933 2180 melodicum
952 2116 1071 2182 etiem
1085 2119 1183 2180 cen?

121 2229 210 2289 tum
239 2215 392 2286 im'ltsri
424 2217 596 2288 valeant.
644 2213 790 2300 Frigidi
822 2218 1175 2304 etiamsenguinis

121 2322 314 2391 anim'elia
336 2320 533 2394 audiunt,
567 2325 610 2384 ut
642 2321 684 2384 in
716 2318 887 2403 piscibus
921 2321 1174 2405 observatur,

122 2447 335 2512 campanae
345 2426 460 2510 pulsu
482 2421 753 2490 convocandis.
777 2425 926 2490 Insecta
946 2425 1175 2514 quoqu'sau·

121 2533 210 2612 ditu
232 2529 395 2619 gaudere
416 2530 704 2596 observationes
722 2529 885 2610 docent,
917 2535 1058 2618 quibus
1084 2557 1174 2603 con.

121 2643 225 2717 stat,
254 2657 365 2722 apes,
390 2655 574 2712 araneas,
605 2635 756 2700 cicadas
780 2641 819 2700 et
839 2639 986 2722 gryllus
1007 2643 1186 2744 stridore*
1283 2717 1287 2738 ἱ

121 2740 227 2806 'edito
257 2738 434 2823 coniuges
468 2735 657 2817 adlicere,
691 2736 855 2822 strepitu
885 2761 930 2804 ea
956 2760 1065 2825 posse
1094 2744 1173 2810 dis-

120 2845 241 2932 pelli,
285 2850 325 2909 et
363 2859 519 2908 cancros
548 2841 831 2907 tintinnabulis
872 2863 983 2927 posse
1011 2851 1174 2918 irretiri.
1221 2909 1224 2918 .

114 2950 208 3016 Alia
227 2953 361 3019 temen
391 2952 506 3024 sunt,
535 2946 730 3012 inferioris
753 2948 911 3016 ordinis
951 2953 1166 3036 animilia,

30 3069 32 3076 ’
109 3041 261 3149 'auditu
283 3049 440 3135 penitus
463 3046 664 3114 destituta.
752 3083 756 3093 f
1006 3065 1010 3071 ’

154 3193 347 3279 Differt
370 3185 526 3262 auditus
547 3193 819 3286 receptivitate
831 3214 901 3260 sna
919 3195 960 3288 in
973 3199 1188 3276 variisbor

120 3298 323 3381 minibus,
346 3306 389 3364 ut
402 3297 496 3365 adeo
512 3297 667 3362 diversa
682 3297 734 3360 sit
751 3297 887 3362 relatio
900 3297 1070 3383 ejusdem
1085 3322 1172 3368 sen·

122 3422 185 3468 sus
208 3401 256 3466 ad
276 3402 445 3469 diversas
464 3401 548 3466 soni
561 3400 829 3485 proprietatos.
860 3401 954 3466 Sunt
972 3424 1075 3469 enlm
1085 3405 1171 3483 alu

119 3507 190 3594 qui
211 3525 320 3572 sonos
344 3501 602 3572 debilissimos
631 3504 741 3593 bene
758 3501 947 3586 audiant,
982 3513 1181 3574 tonorum

119 3618 254 3676 tamen
275 3600 517 3672 differentias
538 3604 644 3670 haud
666 3580 933 3692 distinguant,
961 3617 1173 3695 estqueva·
1213 3623 1216 3630 '

117 3712 182 3778 rie
204 3710 246 3775 in
270 3708 470 3774 nonnullis
493 3708 721 3774 hominibus
752 3711 889 3776 auris
884 3709 1054 3790 cujusvis
1087 3716 1174 3782 soni

120 3822 162 3882 et
194 3819 375 3879 tonorum
405 3813 668 3896 receptivilas.
715 3817 809 3880 Eam
839 3814 1140 3884 differentiam
1128 3840 1172 3886 ιιι

119 3917 355 3985 animalibus
378 3936 527 4002 quoque
550 3913 726 3983 obtinere
747 3919 928 3988 dubitare
942 3943 1173 4010 non-possu-
1200 3932 1204 3940 “
1333 3965 1335 3973 2

119 4041 226 4105 mus;
251 4030 329 4087 'non
349 4027 483 4086 tamen
503 4018 816 4110 definiripotest,
844 4041 919 4110 qua
932 4027 1085 4103 ratione
1099 4049 1169 4093 eu·
1201 4011 1206 4098 J

120 4123 226 4190 ditus
246 4147 285 4191 se
306 4123 452 4190 babeat
475 4125 522 4191 ad
542 4125 765 4192 veriaseoni
778 4129 1037 4212 proprietates
1058 4134 1099 4198 in
1112 4134 1171 4199 di.

119 4230 242 4298 versis
265 4228 500 4294 animalium
524 4229 734 4312 speciebus.
777 4231 864 4295 Veri
891 4231 1020 4300 simile
1043 4243 1172 4308 autem

153 4327 392 4405 crsnossrs
408 4317 688 4423 reynerium.
714 4334 879 4410 v01.1v.
985 4340 1046 4409 ce
