2888 4994
552 303 558 338 t

78 362 84 370 ⁸
150 391 261 455 sicr.
283 385 311 463 Ι,
329 385 586 452 srsrrmsrrs
611 391 1061 452 cururasts‘rarrrcs.
1095 393 1154 462 rat

113 531 180 596 buc
201 525 516 620 pyramidelibuc
530 523 720 608 producte
739 524 799 610 (ς.
819 509 893 607 45ί.
909 525 954 610 ),
984 545 1005 588 ο
1022 531 1162 610 protu-

113 624 305 700 berantia‘
322 631 523 698 annullari
551 629 790 716 emergentia
816 633 910 718 vv),
953 652 976 696 a
996 649 1035 697 ss
1055 632 1163 698 invi·

114 757 191 801 cem
215 721 422 820 diiergunt
435 779 447 812 ,
481 737 693 799 extrorsum
715 736 756 798 et
778 736 998 798 antrorsum
1019 753 1162 819 props-

115 845 224 912 rant,
258 843 297 902 et
318 838 450 922 aliqua
471 841 581 920 parta
602 835 700 902 lobio
727 835 1011 919 posterioribus
1036 843 1164 920 tecta,

115 953 199 1006 cum
222 940 415 1006 colliculis
427 926 575 1025 'opticis
590 958 752 1024 cumque
769 941 992 1024 corporibus
1011 940 1164 1008 strictis

108 1043 388 1118 cohaerentia,
426 1043 473 1108 ed
490 1045 634 1110 fossam
663 1041 787 1127 Sylvii
807 1045 848 1108 in
868 1042 1167 1126 hemisphaeria

115 1148 257 1214 cerebri
277 1145 516 1230 explicantur
536 1145 620 1235 xx)·
642 1145 795 1211 Habent
811 1147 906 1211 baec
929 1167 1042 1212 crura
1061 1145 1170 1231 figam

110 1273 194 1318 rem
216 1250 449 1336 oblongam,
472 1248 670 1328 conicam,
692 1268 717 1312 e
738 1248 929 1333 superiori
949 1267 1079 1314 versus
1101 1249 1164 1316 id·

110 1356 257 1421 seriora
268 1371 546 1446 compressam,
569 1357 736 1439 suntque
748 1351 797 1416 ad
808 1350 995 1436 originem
1009 1353 1167 1419 tenuio-

109 1483 174 1542 ra,
200 1465 240 1524 et
259 1455 457 1542 accipiunt
477 1457 546 1520 sub
571 1455 733 1520 decursu
755 1475 777 1518 a
796 1453 1166 1522 corticalisubstan·

113 1566 172 1631 tia
211 1566 460 1646 augmentum
482 1561 508 1643 Ι(
523 1567 554 1639 5.
573 1557 700 1642 448.),
736 1558 836 1624 unde
861 1557 1060 1632 anteriora
1080 1580 1168 1642 ver-q

113 1691 176 1737 cuc
201 1667 387 1736 continuo
411 1665 690 1734 incrassantur.
733 1671 776 1734 ln
790 1667 891 1734 fecie
911 1673 1068 1735 externe
1088 1669 1167 1734 sul·

112 1796 174 1842 cos
196 1773 384 1840 exhibant
406 1777 445 1836 ct
464 1769 586 1836 fibrae
606 1769 841 1838 medullares
864 1771 972 1852 iuxta
992 1771 1167 1858 longitu-

112 1878 246 1945 dinem
271 1872 537 1954 decurrentem
563 1872 670 1940 intur
701 1893 793 1940 vero
821 1891 989 1942 massam
1010 1875 1166 1962 nigram

114 1981 335 2052 continent.

205 2127 314 2192 lutra
345 2121 494 2190 cerebri
527 2141 643 2188 crure
680 2120 825 2190 basia
862 2123 1169 2194 ventriculi
1268 2179 1274 2190 .

114 2227 299 2304 tertii,
335 2247 432 2314 quae
464 2243 590 2292 messe
614 2223 764 2290 cinerea
791 2229 963 2304 constet,
1004 2225 1166 2294 ccc-ideo

116 2336 265 2400 tuber
296 2332 549 2401 cinereum
576 2331 741 2409 dicitur,
771 2331 814 2398 in
833 2338 1081 2419 conspectum
1098 2355 1165 2398 ve·

113 2441 178 2504 nit
199 2440 291 2532 yy).‚
330 2436 482 2504 Desinit
502 2435 543 2501 id
563 2438 676 2504 tube'r
696 2434 745 2505 ad
765 2436 979 2523 posteriora
992 2437 1034 2502 in
1054 2436 1168 2521 duos,

116 2543 352 2610 extrinsecus
379 2542 630 2622 medullosos‚
651 2539 880 2606 intrinsecus
904 2548 1036 2609 autom
1061 2542 1168 2609 cine·

114 2665 200 2712 reos
224 2642 423 2730 globulos,
449 2663 536 2708 cum
560 2644 735 2709 cruribus
762 2643 1026 2710 anterioribus
1043 2645 1167 2712 sorni·

116 2751 173 2814 cis
196 2749 438 2812 cohaerentes
466 2748 481 2832 (
495 2753 525 2824 ς.
553 2745 592 2812 h.
623 2766 662 2812 n.
693 2747 794 2832 lt),
829 2745 897 2833 qui
922 2746 1107 2835 tubera
1133 2769 1166 2816 e.
1222 2785 1224 2793 ι

118 2845 439 2917 eminentiis
477 2849 826 2929 candicantes
855 2871 884 2916 s.
915 2851 1168 2918 mamilla·

117 2976 200 3024 ree
234 2954 583 3040 dicunturcz).
627 2951 699 3018 Ubi
721 2952 918 3020 cerebrum
939 2974 1055 3021 omne
1078 2977 1168 3022 ver·
1220 3017 1224 3025 .

112 3059 228 3124 ticeli
249 3055 419 3124 sectione
438 3055 654 3135 scinditur,
693 3062 771 3122 trec
790 3075 901 3122 arcus
920 3055 1169 3142 medullares,

117 3163 276 3250 palmae
296 3161 443 3238 instar,
472 3159 515 3224 in
536 3156 781 3226 candicantes
811 3156 1046 3226 eminentias
1070 3160 1170 3231 desi·

117 3287 209 3333 nera
230 3261 521 3350 conspiciuntur
542 3263 625 3350 at).
669 3262 882 3347 elongetur
893 3263 1067 3330 anterior
1079 3265 1170 3334 iun·

122 3371 163 3436 di
185 3365 395 3434 ventriculi
412 3365 621 3450 tertiipars
639 3365 802 3430 abortio
821 3365 990 3447 ciusdem
1002 3369 1088 3435 cavi
1101 3389 1170 3436 an-

117 3473 263 3539 teriore
284 3471 348 3556 (5.
365 3455 462 3532 li.'n.
482 3469 568 3552 IV.)
593 3469 636 3533 in
658 3473 844 3545 teretem,
866 3471 1042 3552 superius
1064 3491 1169 3539 crae·

69 3589 73 3596 '
117 3577 262 3642 eiorem
278 3615 289 3650 ‚
313 3579 351 3637 et
368 3561 558 3639 ,inferiore
570 3589 701 3636 versus
714 3575 965 3638 extenuatum
978 3575 1170 3658 canalem,

120 3678 191 3764 qni
212 3676 373 3769 obliqua
394 3673 607 3740 directione
626 3673 847 3741 sntrorsum
866 3681 906 3739 et
919 3675 1096 3742 deorsum
1107 3697 1172 3742 ex-

117 3783 264 3861 currit,
281 3781 556 3848 infundibu
567 3784 615 3847 lu
627 3802 667 3846 m
689 3781 965 3865 compellatum
973 3781 1052 3864 δ’).
1069 3785 1167 3850 Con·

116 3892 197 3952 stat
216 3887 249 3949 is
269 3883 418 3950 canalis
448 3904 575 3950 massa
605 3885 773 3960 cinerea,
800 3884 937 3949 tunice
966 3883 1169 3950 vasculosa

118 3989 284 4064 vestita,
304 3995 341 4052 et
354 3987 508 4055 exbibet
522 3987 755 4055 extrincecus
765 3985 885 4054 fibras
898 4003 1009 4069 saepe
1019 4001 1172 4051 muscus·
1187 3979 1192 3988 ’

120 4098 223 4160 lares
238 4093 409 4176 subtiles,
423 4113 521 4180 quae
534 4113 578 4158 eo
590 4096 690 4168 loco,
701 4091 770 4174 ubi
783 4089 1074 4156 infundibulum
1086 4109 1171 4155 cum

130 4198 353 4290 1ΙΥΡΟΙῆιγεὶ
370 4199 564 4288 juugitur,
577 4195 771 4290 'radiatim
785 4195 1061 4282 disperguntur
1082 4199 1150 4284 ct).
