2910 4996
374 397 392 410 .
426 344 539 410 secra
556 343 585 410 1.
604 341 665 410 Dr
691 357 810 413 voca.
929 327 935 340 ’
1127 361 1173 434 73
1254 315 1262 336 κ

199 493 244 580 4)
267 492 460 562 Velocitae
480 494 583 560 atria
602 511 674 578 per
695 488 910 576 gtottidenr
924 491 1029 578 pulei
1052 511 1171 578 pecu·

125 603 261 670 tiaram
284 618 436 686 quoque
456 597 577 668 habet
593 597 642 662 ad
653 597 759 662 vecie
771 595 906 666 modoe
916 586 1172 676 relationem,
1241 643 1245 650 -

125 706 239 788 adeo,
257 711 302 768 ut
313 709 429 768 aucta
452 722 497 766 ea
519 698 732 784 rapiditate
752 699 996 785 frequentior
1019 702 1175 768 contin-¹

121 817 182 896 gat
232 808 407 893 partium
452 803 671 880 oscillatio,
728 804 929 893 maiorque
970 807 1072 872 adria
1109 808 1173 875 vie

127 913 364 979 ventriculos
403 909 579 996 laryngie
615 905 797 989 diducat,
836 926 911 996 quo
955 905 1173 993 ligamenta

124 1019 303 1104 glottidie
334 1015 572 1093 tenduntur,
618 1019 659 1082 et
693 1034 770 1081 vox
796 1010 951 1078 acutior
978 1009 1170 1078 redditur.
1247 1057 1250 1064 -

126 1125 387 1190 confirmatur
419 1121 459 1185 id
489 1123 841 1188 instrumentorum
858 1117 959 1182 flatu
982 1136 1169 1184 resonan·
1277 1163 1279 1170 ,

122 1228 246 1304 tium,
271 1233 309 1290 et
328 1224 536 1290 hominum
558 1223 749 1290 inteneius
769 1219 1050 1300 clamantium,
1072 1239 1170 1288 acu·

123 1331 284 1420 tamq‘ue
294 1349 429 1396 vocem
450 1327 675 1407 edentium,
693 1329 882 1414 exemplo.
944 1339 947 1344 '

204 1473 250 1562 5)
275 1471 431 1537 Confert
455 1469 504 1539 ad
536 1471 767 1538 mutandam
792 1489 952 1548 uocem,
980 1475 1027 1534 ut
1047 1485 1173 1552 nuper

124 1576 189 1644 cel.
217 1577 361 1642 Mum
383 1575 554 1643 ostendit
575 1576 636 1660 i),
664 1577 752 1658 ipse
777 1593 928 1664 quoque
949 1571 1174 1659 epiglottie,

124 1701 219 1768 quae
252 1686 389 1746 cavata
422 1688 490 1746 aut
521 1679 751 1764 explanata,
782 1681 910 1764 megia
940 1683 1009 1760 aut
1043 1676 1175 1746 minue

124 1791 233 1852 tenea
244 1829 257 1863 ,
279 1782 487 1868 glottidem
510 1783 637 1869 magis
659 1789 730 1849 eut
751 1781 880 1850 minue
892 1787 1044 1869 tegeno,
1062 1788 1174 1848 tonoe

123 1890 304 1976 producit
325 1892 456 1953 acutos
478 1894 547 1951 aut
564 1903 713 1972 gravae.
762 1905 764 1912 ⁴

134 2029 137 2036 '
207 2029 364 2116 6)·Sunt
392 2031 593 2112 praeterae
624 2023 946 2094 elia-auxiliaria
974 2024 1080 2093 vecie
1110 2027 1172 2094 in·

11 2195 15 2210 ,
124 2138 366 2210 strumenta,
409 2132 551 2218 quibua
590 2125 775 2196 tonorum
814 2137 1019 2196 mutantur
1054 2131 1174 2200 modi.

125 2237 330 2306 Pertinent
347 2237 446 2302 huc·
471 2254 609 2300 cavum
626 2233 798 2302 faucium
813 2230 902 2320 (111.
911 2252 949 2317 p
964 2250 1019 2318 52.
1021 2235 1057 2322 J,
1069 2237 1174 2322 quod

126 2339 313 2410 musculis
333 2337 621 2426 etylohyoideie
642 2338 904 2448 ampliatum,
924 2337 988 2406 vel
1009 2340 1174 2406 constri-

11 2519 12 2532 ἒ
126 2441 301 2510 ctoribue
317 2447 525 2522 arctatum,
547 2450 682 2508 e'onum
688 2423 910 2508 acutiorem
930 2418 1000 2510 aui
1021 2441 1177 2529 gravio·

11 2539 12 2632 J
121 2568 221 2620 rem
238 2545 388 2626 reddit;
419 2547 548 2610 velum
580 2545 827 2632 palatinum,
855 2545 959 2631 quod
985 2548 1182 2616 musculis·
1268 2577 1272 2584 ·

121 2655 204 2721 euie
222 2655 285 2718 vel
308 2651 503 2718 elevatum
523 2651 586 2714 vel
608 2637 853 2734 depreeeum,
877 2649 977 2718 αὸιίι
998 2659 1172 2720 meatum

122 2777 190 2843 per
222 2777 332 2822 nares
352 2757 416 2821 vel
435 2759 540 2823 ercet
570 2753 633 2819 vel
652 2752 856 2834 concedit,
885 2757 1068 2846 vocisque
1087 2779 1173 2824 mu·

124 2867 190 2946 tat
212 2859 545 2945 modum31ingua
570 2857 738 2944 deniquo
758 2857 870 2923 varia
888 2859 1042 2926 ratione
1064 2867 1176 2928 mota

124 2967 259 3052 (ibid.
280 2987 318 3052 p.
339 2967 429 3050 50.)
442 3009 454 3043 ,
483 2985 619 3031 cavum
640 2962 740 3042 orie,
768 2964 956 3032 maxillae
976 2965 1174 3034 inferioris
1235 3000 1240 3012 ·
1266 2979 1269 2986 “
1300 2981 1302 2991 ’

103 3078 237 3138 'motu
267 3070 504 3154 ampliatum
534 3076 603 3136 aut
624 3073 842 3151 arctatum,
882 3075 922 3136 et
944 3069 1054 3168 latria
1082 3089 1173 3136 con·

126 3177 268 3243 stricte
294 3181 363 3240 aut
395 3175 592 3254 relaxata,
627 3173 676 3241 ad
705 3169 956 3244 efficiendam
988 3179 1175 3246 tonorum

127 3280 363 3347 varietatem
384 3283 628 3370 concurrunt.

211 3427 254 3513 7)
277 3423 466 3494 Omnibus
476 3424 657 3514 deni-que
683 3426 748 3493 hie
774 3377 959 3511 pertibue
978 3431 1019 3492 et
1043 3425 1173 3494 medie

122 3525 326 3612 efficitur,
353 3538 398 3612 ut
418 3533 485 3601 ae'r
503 3551 572 3616 per
597 3532 805 3618 glottidem
826 3535 1032 3620 expulsus,
1061 3540 1100 3598 et
1117 3532 1176 3600 le·
1228 3591 1232 3596 .

129 3633 263 3721 ryngis
298 3633 454 3721 ejusque
479 3635 653 3720 partium
684 3636 909 3704 vibratione
937 3641 1176 3713 commotus,
1249 3704 1252 3710 ,
1300 3660 1304 3669 ·

130 3737 174 3804 in
188 3739 381 3823 parietem
401 3725 639 3810 fornicatum
661 3761 745 3807 cav1
733 3740 1011 3818 orrealtrdat
1029 3746 1069 3806 et
1091 3741 1177 3828 qui·

53 3911 56 3920 Α
131 3849 220 3920 dem
251 3869 295 3914 eo
321 3847 491 3916 viciniue
523 3847 708 3932 glottidi,
737 3854 883 3940 quanto
912 3869 1028 3916 sonus
1057 3849 1178 3916 suerit

131 3957 310 4031 acutior,
341 3971 460 4040 eoque
488 3953 697 4031 remotiue,
729 3973 805 4040 quo
839 3955 1034 4080 graviores
1048 3920 1178 4024 adun·

130 4066 197 4130 tur
218 4059 319 4127 toni-

159 4231 163 4246 .
199 4204 233 4275 ιι)
250 4163 419 4268 munuae
438 4197 533 4282 Elem.
549 4206 634 4285 phye.
653 4173 828 4284 11¹·1’⁹7³9·
