2898 4996
194 368 198 382 ¹
275 403 340 475 nto
513 375 600 454 bre.
620 373 669 454 u.
694 371 785 449 cari.
806 367 866 450 IV.
889 379 948 450 De
968 392 1097 449 causo,

275 545 325 612 ad
345 491 491 610 certum
503 539 622 605 finam
636 533 816 611 directis,
839 537 1112 622 requiruntur,
1130 542 1317 624 quorum*

273 670 347 738 que
372 648 544 716 animur,
567 647 612 706 ut
639 636 975 704 adcommodare
965 641 1172 724 imperium
1202 655 1317 705 auum

271 749 419 836 (certae
432 743 612 810 videlicet
621 740 811 805 murculoe
822 761 908 805 cum
926 741 1176 805 adcommoda
1189 741 1317 808 intan-

271 855 383 920 tione
398 857 437 916 et
456 869 521 934 per
540 855 707 932 tempus
716 850 946 914 conveniens
968 847 1010 912 in
1029 845 1223 911 actionem
1245 869 1314 934 po-

271 961 388 1048 nere)
406 957 551 1030 valeat,
574 971 747 1020 conscius
758 971 836 1017 eree
847 949 972 1015 debet
1015 951 1241 1037 Requiritur
1254 975 1319 1017 ve·

270 1082 315 1128 ro
334 1057 560 1140 exercitium
577 1056 757 1144 frequens
774 1059 812 1116 et
836 1053 1087 1130 diuturnum,
1117 1061 1161 1119 ut
1184 1055 1318 1124 anima

270 1161 519 1227 infinitorum
542 1161 719 1222 motuum
740 1154 847 1220 ideae
868 1155 1059 1232 retinere,
1089 1178 1219 1222 earum
1244 1160 1319 1223 ‹tif-

271 1265 461 1332 forentius
479 1278 708 1344 agnoscere,
732 1251 870 1343 eaeque
891 1257 1059 1323 invicem
1083 1264 1254 1326 conlerre
1281 1267 1320 1326 et

88 1361 99 1392 ⁸
204 1365 210 1376 ⁴
244 1355 502 1452 'conjungere
524 1359 675 1440 valeat,
708 1379 783 1446 quo
806 1359 965 1424 tandem
982 1366 1165 1430 voluntas
1193 1374 1318 1430 certae

271 1479 404 1560 partae
427 1473 469 1536 in
485 1465 732 1553 successione
744 1482 911 1548 congrua
934 1469 973 1528 et
991 1445 1077 1560 cum
1092 1469 1320 1552 conveniam

187 1637 191 1644 .
271 1583 312 1642 te
326 1575 375 1640 ad
387 1592 545 1656 scopum
558 1567 858 1652 determinatum
872 1569 1040 1652 energia,
1060 1571 1200 1654 epatio,
1224 1578 1321 1636 tem.

272 1693 367 1768 pore
388 1681 427 1740 et
445 1675 485 1738 vi
504 1669 679 1756 apposita
701 1668 946 1750 dijudicatis,
969 1669 1012 1736 in
1032 1677 1182 1740 motum
1201 1697 1320 1761 pom..

142 1765 144 1779 ι
272 1778 472 1866 reposcit.
518 1774 634 1840 Exeo
658 1772 876 1858 igiturest,
907 1773 1008 1860 quod
1038 1777 1209 1873 infantae
1235 1782 1320 1847 lon·

274 1884 382 1974 glore
404 1879 610 1964 indigeant
627 1879 799 1960 tempore
811 1920 822 1954 ,
841 1875 967 1943 'donec
987 1881 1161 1947 membra
1181 1903 1248 1948 aua
1270 1883 1320 1950 ad

276 1991 424 2052 certum
445 1979 565 2045 finem
587 1975 752 2062 congrue
774 1998 925 2045 movere
946 1975 1115 2047 valeant.
1170 1979 1212 2050 ln
1231 1986 1323 2050 bru·

216 2143 219 2150 .
276 2095 328 2160 tie
352 2109 442 2156 vero
463 2083 719 2164 animalibus,
742 2085 811 2150 ubi
829 2085 1036 2153 inetiuctua
1056 2091 1254 2171 praeualet
1267 2091 1321 2172 (ς.

277 2209 352 2278 474.
374 2213 411 2256 ιι.
434 2191 511 2272 ιι),
532 2195 571 2253 et
592 2189 799 2254 aenaiferae
820 2189 1065 2270 functiones,
1097 2191 1218 2259 multo
1240 2213 1323 2258 ma·

213 2371 215 2378 ¹
282 2301 340 2389 gnie
359 2297 492 2378 utique
515 2293 735 2389 restrictae,
773 2291 883 2375 longe
906 2293 1027 2357 citius
1057 2291 1298 2376 explicentur
1311 2334 1324 2371 ,

279 2397 515 2467 muscularie
525 2413 674 2481 quoque
687 2414 816 2459 eeneue
829 2391 943 2460 citiua
955 2394 1153 2478 evolvitur,
1174 2397 1323 2476 utadeo

280 2502 544 2594 quadrupedia
567 2498 716 2576 multa,
737 2499 976 2584 gallinarum
1001 2501 1100 2586 pulli
1122 2511 1159 2567 et
1179 2500 1327 2569 inrecta

264 2605 305 2680 f'a
325 2608 438 2694 partu
459 2607 568 2672 illico
590 2597 629 2671 et
651 2625 740 2671 mox
758 2612 845 2688 poet
857 2606 919 2672 eui
934 2607 1188 2673 exclusionem
1212 2609 1339 2693 pedi·⁴

281 2715 353 2780 bue
372 2709 549 2776 incedere
569 2713 607 2772 et
627 2707 724 2772 aliea
747 2713 874 2774 motue
895 2727 1083 2795 peragere
1111 2711 1324 2783 videamur.

281 2795 437 2885 Sensum
456 2803 637 2894 motuum·
655 2817 742 2894 tum
756 2813 927 2900 maxime
945 2812 1102 2898 perfici,
1132 2816 1200 2880 ubi
1223 2816 1322 2896 alii,
1396 2833 1401 2842 ·

284 2923 499 2990 cerebrelee
526 2916 730 3001 praecipue
761 2935 912 2994 aeneus,
945 2916 1078 3002 vigore
1115 2911 1353 3000 deficiunt,¹

264 3025 390 3091 'caeci
414 3017 623 3087 ostendunt
651 3025 689 3084 et
709 3019 995 3096 eomnambuli,
1028 3015 1092 3106 qui
1116 3025 1201 3086 tuto
1224 3022 1323 3105 pede

247 3111 251 3116 ¹
279 3125 493 3204 incedunt,
511 3122 684 3209 aliosque
704 3129 857 3207 mutue,
885 3143 973 3192 eum
995 3122 1321 3194 admirandaeae·

279 3249 329 3316 pe
350 3226 605 3304 dexteritate,
624 3225 850 3310 perficiunt

367 3391 417 3453 Ut
437 3389 570 3454 anima
588 3387 635 3455 id
649 3411 668 3454 e
683 3411 706 3453 a
717 3411 757 3454 m
782 3411 871 3474 epa
886 3390 953 3455 tii
977 3390 1175 3470 obtineat,
1199 3392 1325 3478 ipa'oe.

285 3511 358 3579 que
379 3496 508 3558 motus
529 3491 728 3558 distantiis
742 3495 861 3559 variis
883 3493 1175 3562 adcommodare
1187 3498 1325 3582 poerit,

284 3595 394 3660 ideae
416 3593 607 3674 diversas,
631 3595 796 3679 repetito
817 3597 996 3662 exercitio
1007 3597 1241 3686 adquisitae,
1265 3600 1326 3664 in·

281 3699 406 3766 vicem
423 3699 592 3764 conferre
613 3698 735 3764 debet.
768 3701 947 3766 Advertit
959 3702 1063 3787 priua
1080 3697 1126 3768 ad
1139 3705 1326 3787 epatium,

244 3851 247 3858 .
277 3799 385 3886 ‚quod
394 3801 609 3866 membrum
628 3801 797 3887 aliquod,
819 3799 908 3866 inde
929 3825 951 3867 a
970 3825 1120 3869 summa
1135 3805 1324 3870 extentio.

156 3944 160 3954 ·
219 3913 223 3924 '
283 3917 332 3966 ne
353 3901 567 3984 pervarias
588 3897 729 3988 gredm
750 3904 797 3968 ad
816 3905 1025 3970 maximam
1047 3903 1326 3972 euiflexionem

285 4003 492 4088 describit,
522 4013 561 4074 et
580 4011 758 4074 observat
777 4011 895 4076 eimul
908 4015 1033 4076 motus
1044 4010 1325 4090 directionem

285 4113 433 4178 confert
453 4115 675 4198 energiam,
700 4135 766 4180 eeu
787 4113 1060 4186 contractionis
1072 4115 1234 4200 gradun,
1260 4113 1328 4200 qui

279 4212 330 4284 iu
352 4215 531 4292 carnibus
549 4217 791 4290 subactione
810 4219 1065 4312 contingunt,
1090 4217 1329 4390 curpepatiia

855 4331 861 4350 ·
1184 4320 1283 4390 iver·
