<?xml version="1.0" encoding="UTF-8"?>
<!DOCTYPE html PUBLIC "-//W3C//DTD XHTML 1.0 Transitional//EN"
    "http://www.w3.org/TR/xhtml1/DTD/xhtml1-transitional.dtd">
<html xmlns="http://www.w3.org/1999/xhtml" xml:lang="en" lang="en">
 <head>
  <title>
</title>
<meta http-equiv="Content-Type" content="text/html;charset=utf-8" />
  <meta name='ocr-system' content='tesseract 3.04.00' />
  <meta name='ocr-capabilities' content='ocr_page ocr_carea ocr_par ocr_line ocrx_word'/>
</head>
<body>
  <div class='ocr_page' id='page_1' title='image "./physiologiamedi00lenhgoog_0284.png"; bbox 0 0 2946 5000; ppageno 0'>
   <div class='ocr_carea' id='block_1_1' title="bbox 347 345 1202 474">
    <p class='ocr_par' dir='ltr' id='par_1_1' title="bbox 347 345 1202 474">
     <span class='ocr_line' id='line_1_1' title="bbox 347 345 1202 474; baseline 0.011 -50"><span class='ocrx_word' id='word_1_1' title='bbox 347 360 462 428; x_wconf 82' lang='lat' dir='ltr'><strong>saer.</strong></span> <span class='ocrx_word' id='word_1_2' title='bbox 482 354 588 474; x_wconf 59' lang='grc' dir='ltr'><strong>ιρι</strong></span> <span class='ocrx_word' id='word_1_3' title='bbox 610 367 729 422; x_wconf 74' lang='lat' dir='ltr'><strong>sessu</strong></span> <span class='ocrx_word' id='word_1_4' title='bbox 750 367 969 424; x_wconf 72' lang='lat' dir='ltr'><strong>corrosio.</strong></span> <span class='ocrx_word' id='word_1_5' title='bbox 1125 345 1202 432; x_wconf 55' lang='lat'>&#39;2581</span> 
     </span>
    </p>
   </div>
   <div class='ocr_carea' id='block_1_2' title="bbox 159 503 1340 1423">
    <p class='ocr_par' dir='ltr' id='par_1_2' title="bbox 159 503 1340 1423">
     <span class='ocr_line' id='line_1_2' title="bbox 162 503 1340 592; baseline 0.003 -22"><span class='ocrx_word' id='word_1_6' title='bbox 162 505 428 592; x_wconf 79' lang='lat' dir='ltr'>perceptiones</span> <span class='ocrx_word' id='word_1_7' title='bbox 452 509 608 592; x_wconf 78' lang='lat' dir='ltr'>quaevis</span> <span class='ocrx_word' id='word_1_8' title='bbox 631 511 669 571; x_wconf 86' lang='lat' dir='ltr'><strong>et</strong></span> <span class='ocrx_word' id='word_1_9' title='bbox 686 505 920 580; x_wconf 75' lang='lat' dir='ltr'><strong>intuitiones</strong></span> <span class='ocrx_word' id='word_1_10' title='bbox 938 505 987 572; x_wconf 81' lang='lat' dir='ltr'><strong>ed</strong></span> <span class='ocrx_word' id='word_1_11' title='bbox 1007 523 1205 574; x_wconf 89' lang='lat' dir='ltr'><strong>summum</strong></span> <span class='ocrx_word' id='word_1_12' title='bbox 1329 503 1340 510; x_wconf 75' lang='grc'><strong>’</strong></span> 
     </span>
     <span class='ocr_line' id='line_1_3' title="bbox 160 602 1208 696; baseline 0.004 -22"><span class='ocrx_word' id='word_1_13' title='bbox 160 602 1208 696; x_wconf 82' lang='lat' dir='ltr'><strong>provehanturgradum,etqueimaginationisacphan·</strong></span> 
     </span>
     <span class='ocr_line' id='line_1_4' title="bbox 161 711 1240 797; baseline -0.004 -19"><span class='ocrx_word' id='word_1_14' title='bbox 161 715 284 796; x_wconf 83' lang='lat' dir='ltr'><strong>tasias</strong></span> <span class='ocrx_word' id='word_1_15' title='bbox 310 715 368 780; x_wconf 81' lang='lat' dir='ltr'><strong>vis</strong></span> <span class='ocrx_word' id='word_1_16' title='bbox 390 721 590 782; x_wconf 88' lang='lat' dir='ltr'><strong>consuetos</strong></span> <span class='ocrx_word' id='word_1_17' title='bbox 611 714 728 797; x_wconf 87' lang='lat' dir='ltr'><strong>plane</strong></span> <span class='ocrx_word' id='word_1_18' title='bbox 759 712 917 778; x_wconf 77' lang='lat' dir='ltr'><strong>excedat</strong></span> <span class='ocrx_word' id='word_1_19' title='bbox 935 711 1101 795; x_wconf 87' lang='lat' dir='ltr'><strong>limitas,</strong></span> <span class='ocrx_word' id='word_1_20' title='bbox 1133 736 1202 781; x_wconf 87' lang='lat' dir='ltr'><strong>nso</strong></span> <span class='ocrx_word' id='word_1_21' title='bbox 1237 764 1240 774; x_wconf 94' lang='lat'>.</span> 
     </span>
     <span class='ocr_line' id='line_1_5' title="bbox 166 818 1202 904; baseline 0.006 -22"><span class='ocrx_word' id='word_1_22' title='bbox 166 822 295 902; x_wconf 81' lang='lat' dir='ltr'><strong>spatio</strong></span> <span class='ocrx_word' id='word_1_23' title='bbox 318 841 387 884; x_wconf 87' lang='lat' dir='ltr'><strong>nec</strong></span> <span class='ocrx_word' id='word_1_24' title='bbox 409 827 583 904; x_wconf 88' lang='lat' dir='ltr'><strong>tempore</strong></span> <span class='ocrx_word' id='word_1_25' title='bbox 605 820 772 902; x_wconf 84' lang='lat' dir='ltr'><strong>amplius</strong></span> <span class='ocrx_word' id='word_1_26' title='bbox 793 818 845 882; x_wconf 82' lang='lat' dir='ltr'><strong>sit</strong></span> <span class='ocrx_word' id='word_1_27' title='bbox 862 819 996 904; x_wconf 85' lang='lat' dir='ltr'><strong>ligate.</strong></span> <span class='ocrx_word' id='word_1_28' title='bbox 1039 824 1069 886; x_wconf 90' lang='lat' dir='ltr'>A</span> <span class='ocrx_word' id='word_1_29' title='bbox 1090 822 1202 890; x_wconf 87' lang='lat' dir='ltr'><strong>rebus</strong></span> 
     </span>
     <span class='ocr_line' id='line_1_6' title="bbox 163 924 1206 1003; baseline 0.002 -13"><span class='ocrx_word' id='word_1_30' title='bbox 163 926 373 991; x_wconf 85' lang='lat' dir='ltr'><strong>mundanis</strong></span> <span class='ocrx_word' id='word_1_31' title='bbox 394 944 494 990; x_wconf 87' lang='lat' dir='ltr'><strong>nunc</strong></span> <span class='ocrx_word' id='word_1_32' title='bbox 512 927 622 990; x_wconf 87' lang='lat' dir='ltr'><strong>velut</strong></span> <span class='ocrx_word' id='word_1_33' title='bbox 648 924 859 989; x_wconf 78' lang='lat' dir='ltr'><strong>abstractus</strong></span> <span class='ocrx_word' id='word_1_34' title='bbox 890 924 1206 1003; x_wconf 84' lang='lat' dir='ltr'><strong>somnombulus,</strong></span> 
     </span>
     <span class='ocr_line' id='line_1_7' title="bbox 162 1025 1208 1118; baseline -0.001 -24"><span class='ocrx_word' id='word_1_35' title='bbox 162 1029 369 1095; x_wconf 74' lang='lat' dir='ltr'><strong>altioribus</strong></span> <span class='ocrx_word' id='word_1_36' title='bbox 388 1033 426 1094; x_wconf 88' lang='lat' dir='ltr'><strong>et</strong></span> <span class='ocrx_word' id='word_1_37' title='bbox 443 1026 700 1093; x_wconf 71' lang='lat' dir='ltr'><strong>nobilioribus</strong></span> <span class='ocrx_word' id='word_1_38' title='bbox 713 1025 906 1118; x_wconf 66' lang='lat' dir='ltr'><strong>abpipitur</strong></span> <span class='ocrx_word' id='word_1_39' title='bbox 921 1027 1037 1105; x_wconf 89' lang='lat' dir='ltr'><strong>ideis,</strong></span> <span class='ocrx_word' id='word_1_40' title='bbox 1062 1035 1101 1092; x_wconf 88' lang='lat' dir='ltr'><strong>et</strong></span> <span class='ocrx_word' id='word_1_41' title='bbox 1120 1049 1208 1094; x_wconf 89' lang='lat' dir='ltr'><strong>con·</strong></span> 
     </span>
     <span class='ocr_line' id='line_1_8' title="bbox 159 1131 1205 1219; baseline 0.002 -23"><span class='ocrx_word' id='word_1_42' title='bbox 159 1134 332 1219; x_wconf 81' lang='lat' dir='ltr'><strong>sequitur</strong></span> <span class='ocrx_word' id='word_1_43' title='bbox 355 1149 546 1196; x_wconf 82' lang='lat' dir='ltr'><strong>summam</strong></span> <span class='ocrx_word' id='word_1_44' title='bbox 567 1131 889 1215; x_wconf 65' lang='lat' dir='ltr'><strong>perspicuitatem</strong></span> <span class='ocrx_word' id='word_1_45' title='bbox 913 1149 954 1196; x_wconf 86' lang='lat' dir='ltr'><strong>ac</strong></span> <span class='ocrx_word' id='word_1_46' title='bbox 972 1131 1205 1212; x_wconf 74' lang='lat' dir='ltr'><strong>claritatem,</strong></span> 
     </span>
     <span class='ocr_line' id='line_1_9' title="bbox 163 1231 1258 1320; baseline 0.004 -22"><span class='ocrx_word' id='word_1_47' title='bbox 163 1233 358 1320; x_wconf 84' lang='lat' dir='ltr'><strong>siquidem</strong></span> <span class='ocrx_word' id='word_1_48' title='bbox 384 1233 592 1316; x_wconf 78' lang='lat' dir='ltr'><strong>phantasia</strong></span> <span class='ocrx_word' id='word_1_49' title='bbox 618 1231 774 1318; x_wconf 79' lang='lat' dir='ltr'><strong>quasvis</strong></span> <span class='ocrx_word' id='word_1_50' title='bbox 803 1233 960 1298; x_wconf 88' lang='lat' dir='ltr'><strong>animae</strong></span> <span class='ocrx_word' id='word_1_51' title='bbox 989 1233 1206 1302; x_wconf 76' lang='lat' dir='ltr'><strong>functiones</strong></span> <span class='ocrx_word' id='word_1_52' title='bbox 1256 1299 1258 1310; x_wconf 88' lang='grc'><strong>,</strong></span> 
     </span>
     <span class='ocr_line' id='line_1_10' title="bbox 163 1333 843 1423; baseline -0.003 -23"><span class='ocrx_word' id='word_1_53' title='bbox 163 1337 341 1420; x_wconf 79' lang='lat'><strong>(§.&#39;468.)</strong></span> <span class='ocrx_word' id='word_1_54' title='bbox 362 1335 519 1414; x_wconf 83' lang='lat' dir='ltr'><strong>adjuvet</strong></span> <span class='ocrx_word' id='word_1_55' title='bbox 538 1342 576 1402; x_wconf 90' lang='lat' dir='ltr'><strong>st</strong></span> <span class='ocrx_word' id='word_1_56' title='bbox 589 1333 768 1420; x_wconf 84' lang='lat' dir='ltr'><strong>perficiet</strong></span> <span class='ocrx_word' id='word_1_57' title='bbox 789 1339 843 1423; x_wconf 87' lang='lat' dir='ltr'><strong>c).</strong></span> 
     </span>
    </p>
   </div>
   <div class='ocr_carea' id='block_1_3' title="bbox 130 1471 1342 2907">
    <p class='ocr_par' dir='ltr' id='par_1_3' title="bbox 130 1471 1342 2907">
     <span class='ocr_line' id='line_1_11' title="bbox 222 1471 1342 1573; baseline -0.002 -29"><span class='ocrx_word' id='word_1_58' title='bbox 222 1471 224 1476; x_wconf 69' lang='grc'>’</span> <span class='ocrx_word' id='word_1_59' title='bbox 246 1481 368 1545; x_wconf 84' lang='lat' dir='ltr'><strong>Multo</strong></span> <span class='ocrx_word' id='word_1_60' title='bbox 382 1481 534 1568; x_wconf 87' lang='lat' dir='ltr'><strong>quidem</strong></span> <span class='ocrx_word' id='word_1_61' title='bbox 545 1484 634 1544; x_wconf 86' lang='lat' dir='ltr'><strong>sunt</strong></span> <span class='ocrx_word' id='word_1_62' title='bbox 647 1484 685 1543; x_wconf 90' lang='lat' dir='ltr'><strong>et</strong></span> <span class='ocrx_word' id='word_1_63' title='bbox 696 1477 897 1545; x_wconf 78' lang='lat' dir='ltr'><strong>mirabilia</strong></span> <span class='ocrx_word' id='word_1_64' title='bbox 913 1477 1214 1573; x_wconf 76' lang='lat' dir='ltr'><strong>phoenomema,</strong></span> <span class='ocrx_word' id='word_1_65' title='bbox 1338 1529 1342 1542; x_wconf 95' lang='lat'><em>.</em></span> 
     </span>
     <span class='ocr_line' id='line_1_12' title="bbox 163 1563 1204 1669; baseline 0 -23"><span class='ocrx_word' id='word_1_66' title='bbox 163 1563 1204 1669; x_wconf 52' lang='lat' dir='ltr'><strong>queefide&#39;digniobservatoresdeistosomniimagne-</strong></span> 
     </span>
     <span class='ocr_line' id='line_1_13' title="bbox 164 1683 1207 1767; baseline 0 -18"><span class='ocrx_word' id='word_1_67' title='bbox 164 1687 236 1749; x_wconf 91' lang='lat' dir='ltr'><strong>tici</strong></span> <span class='ocrx_word' id='word_1_68' title='bbox 255 1691 358 1754; x_wconf 87' lang='lat' dir='ltr'><strong>statu</strong></span> <span class='ocrx_word' id='word_1_69' title='bbox 380 1687 572 1760; x_wconf 77' lang='lat' dir='ltr'><strong>referunt3</strong></span> <span class='ocrx_word' id='word_1_70' title='bbox 593 1702 717 1767; x_wconf 80' lang='lat' dir='ltr'><strong>peuce</strong></span> <span class='ocrx_word' id='word_1_71' title='bbox 733 1689 864 1748; x_wconf 85' lang='lat' dir='ltr'><strong>tomen</strong></span> <span class='ocrx_word' id='word_1_72' title='bbox 887 1683 961 1749; x_wconf 88' lang='lat' dir='ltr'><strong>isto</strong></span> <span class='ocrx_word' id='word_1_73' title='bbox 979 1686 1064 1749; x_wconf 91' lang='lat' dir='ltr'><strong>loco</strong></span> <span class='ocrx_word' id='word_1_74' title='bbox 1085 1685 1207 1750; x_wconf 86' lang='lat' dir='ltr'><strong>eddu-</strong></span> 
     </span>
     <span class='ocr_line' id='line_1_14' title="bbox 164 1779 1251 1872; baseline 0.003 -21"><span class='ocrx_word' id='word_1_75' title='bbox 164 1810 246 1854; x_wconf 90' lang='lat' dir='ltr'><strong>cers</strong></span> <span class='ocrx_word' id='word_1_76' title='bbox 266 1805 478 1872; x_wconf 87' lang='lat' dir='ltr'><strong>possumus.</strong></span> <span class='ocrx_word' id='word_1_77' title='bbox 521 1779 720 1852; x_wconf 83' lang='lat' dir='ltr'><strong>Pertinent</strong></span> <span class='ocrx_word' id='word_1_78' title='bbox 748 1787 824 1850; x_wconf 89' lang='lat' dir='ltr'><strong>huc</strong></span> <span class='ocrx_word' id='word_1_79' title='bbox 853 1789 1028 1870; x_wconf 83' lang='lat' dir='ltr'><strong>exempla</strong></span> <span class='ocrx_word' id='word_1_80' title='bbox 1047 1807 1206 1870; x_wconf 87' lang='lat' dir='ltr'><strong>eorum,</strong></span> <span class='ocrx_word' id='word_1_81' title='bbox 1249 1797 1251 1804; x_wconf 83' lang='grc'><em>’</em></span> 
     </span>
     <span class='ocr_line' id='line_1_15' title="bbox 165 1885 1207 1977; baseline -0.006 -19"><span class='ocrx_word' id='word_1_82' title='bbox 165 1890 232 1977; x_wconf 89' lang='lat' dir='ltr'><strong>qui</strong></span> <span class='ocrx_word' id='word_1_83' title='bbox 251 1887 300 1953; x_wconf 83' lang='lat' dir='ltr'><strong>od</strong></span> <span class='ocrx_word' id='word_1_84' title='bbox 317 1890 528 1963; x_wconf 81' lang='lat' dir='ltr'><strong>multorum</strong></span> <span class='ocrx_word' id='word_1_85' title='bbox 539 1887 774 1976; x_wconf 78' lang='lat' dir='ltr'><strong>milliarium</strong></span> <span class='ocrx_word' id='word_1_86' title='bbox 787 1885 993 1952; x_wconf 84' lang='lat' dir='ltr'><strong>distantias</strong></span> <span class='ocrx_word' id='word_1_87' title='bbox 1003 1931 1015 1963; x_wconf 91' lang='lat'><strong>,</strong></span> <span class='ocrx_word' id='word_1_88' title='bbox 1038 1907 1105 1971; x_wconf 90' lang='lat' dir='ltr'><strong>per</strong></span> <span class='ocrx_word' id='word_1_89' title='bbox 1122 1907 1207 1952; x_wconf 84' lang='lat' dir='ltr'><strong>mo·</strong></span> 
     </span>
     <span class='ocr_line' id='line_1_16' title="bbox 167 1976 1207 2069; baseline -0.003 -11"><span class='ocrx_word' id='word_1_90' title='bbox 167 1994 261 2058; x_wconf 87' lang='lat' dir='ltr'><strong>dum</strong></span> <span class='ocrx_word' id='word_1_91' title='bbox 281 1976 457 2057; x_wconf 86' lang='lat' dir='ltr'><strong>vision</strong></span> <span class='ocrx_word' id='word_1_92' title='bbox 472 1991 511 2056; x_wconf 87' lang='lat' dir='ltr'><strong>is</strong></span> <span class='ocrx_word' id='word_1_93' title='bbox 525 2035 537 2069; x_wconf 95' lang='lat'><strong>,</strong></span> <span class='ocrx_word' id='word_1_94' title='bbox 560 1997 717 2057; x_wconf 84' lang='lat' dir='ltr'><strong>eventus</strong></span> <span class='ocrx_word' id='word_1_95' title='bbox 727 1989 857 2057; x_wconf 84' lang='lat' dir='ltr'><strong>varios</strong></span> <span class='ocrx_word' id='word_1_96' title='bbox 870 1989 1145 2067; x_wconf 83' lang='lat' dir='ltr'><strong>adverterunt,</strong></span> <span class='ocrx_word' id='word_1_97' title='bbox 1168 1995 1207 2056; x_wconf 87' lang='lat' dir='ltr'><strong>et</strong></span> 
     </span>
     <span class='ocr_line' id='line_1_17' title="bbox 161 2081 1297 2166; baseline -0.006 -1"><span class='ocrx_word' id='word_1_98' title='bbox 161 2099 236 2165; x_wconf 88' lang='lat' dir='ltr'><strong>rite</strong></span> <span class='ocrx_word' id='word_1_99' title='bbox 259 2096 493 2166; x_wconf 86' lang='lat' dir='ltr'><strong>indicarunt.</strong></span> <span class='ocrx_word' id='word_1_100' title='bbox 535 2095 614 2161; x_wconf 85' lang='lat' dir='ltr'><strong>Alii</strong></span> <span class='ocrx_word' id='word_1_101' title='bbox 635 2096 858 2160; x_wconf 88' lang='lat' dir='ltr'><strong>morborum</strong></span> <span class='ocrx_word' id='word_1_102' title='bbox 870 2113 1026 2164; x_wconf 87' lang='lat' dir='ltr'><strong>suorum</strong></span> <span class='ocrx_word' id='word_1_103' title='bbox 1047 2117 1091 2161; x_wconf 88' lang='lat' dir='ltr'><strong>ac</strong></span> <span class='ocrx_word' id='word_1_104' title='bbox 1111 2095 1207 2161; x_wconf 85' lang='lat' dir='ltr'><strong>alio·</strong></span> <span class='ocrx_word' id='word_1_105' title='bbox 1289 2081 1297 2104; x_wconf 87' lang='lat'><strong><em>‘</em></strong></span> 
     </span>
     <span class='ocr_line' id='line_1_18' title="bbox 163 2199 1207 2290; baseline -0.003 -21"><span class='ocrx_word' id='word_1_106' title='bbox 163 2222 269 2282; x_wconf 88' lang='lat' dir='ltr'><strong>rum,</strong></span> <span class='ocrx_word' id='word_1_107' title='bbox 304 2219 389 2270; x_wconf 85' lang='lat' dir='ltr'><strong>cum</strong></span> <span class='ocrx_word' id='word_1_108' title='bbox 418 2201 468 2266; x_wconf 87' lang='lat' dir='ltr'><strong>lis</strong></span> <span class='ocrx_word' id='word_1_109' title='bbox 498 2199 540 2264; x_wconf 91' lang='lat' dir='ltr'><strong>in</strong></span> <span class='ocrx_word' id='word_1_110' title='bbox 566 2219 666 2264; x_wconf 86' lang='lat' dir='ltr'><strong>nexu</strong></span> <span class='ocrx_word' id='word_1_111' title='bbox 688 2201 906 2290; x_wconf 31' lang='lat' dir='ltr'><strong>m&#39;agnetico</strong></span> <span class='ocrx_word' id='word_1_112' title='bbox 930 2199 1207 2280; x_wconf 84' lang='lat' dir='ltr'><strong>existentium,</strong></span> 
     </span>
     <span class='ocr_line' id='line_1_19' title="bbox 130 2295 1208 2392; baseline -0.002 -20"><span class='ocrx_word' id='word_1_113' title='bbox 130 2375 134 2381; x_wconf 78' lang='grc'><em>,</em></span> <span class='ocrx_word' id='word_1_114' title='bbox 165 2307 427 2392; x_wconf 87' lang='lat' dir='ltr'><strong>praesentium</strong></span> <span class='ocrx_word' id='word_1_115' title='bbox 460 2326 537 2370; x_wconf 86' lang='lat' dir='ltr'><strong>non</strong></span> <span class='ocrx_word' id='word_1_116' title='bbox 566 2301 678 2368; x_wconf 90' lang='lat' dir='ltr'><strong>modo</strong></span> <span class='ocrx_word' id='word_1_117' title='bbox 692 2331 716 2380; x_wconf 52' lang='grc' dir='ltr'><strong>,ι</strong></span> <span class='ocrx_word' id='word_1_118' title='bbox 742 2322 876 2368; x_wconf 86' lang='lat' dir='ltr'><strong>verum</strong></span> <span class='ocrx_word' id='word_1_119' title='bbox 899 2295 1208 2389; x_wconf 83' lang='lat' dir='ltr'><strong>praeterito-</strong></span> 
     </span>
     <span class='ocr_line' id='line_1_20' title="bbox 162 2405 1205 2497; baseline -0.005 -19"><span class='ocrx_word' id='word_1_120' title='bbox 162 2431 269 2478; x_wconf 87' lang='lat' dir='ltr'><strong>rum</strong></span> <span class='ocrx_word' id='word_1_121' title='bbox 302 2428 452 2497; x_wconf 86' lang='lat' dir='ltr'><strong>quoqus</strong></span> <span class='ocrx_word' id='word_1_122' title='bbox 485 2417 523 2472; x_wconf 89' lang='lat' dir='ltr'><strong>et</strong></span> <span class='ocrx_word' id='word_1_123' title='bbox 544 2405 850 2475; x_wconf 50' lang='lat' dir='ltr'><strong>¹fututorum</strong></span> <span class='ocrx_word' id='word_1_124' title='bbox 886 2406 1082 2485; x_wconf 87' lang='lat' dir='ltr'><strong>indolem,</strong></span> <span class='ocrx_word' id='word_1_125' title='bbox 1118 2430 1205 2474; x_wconf 84' lang='lat' dir='ltr'><strong>cau·</strong></span> 
     </span>
     <span class='ocr_line' id='line_1_21' title="bbox 164 2509 1208 2600; baseline -0.003 -19"><span class='ocrx_word' id='word_1_126' title='bbox 164 2535 246 2592; x_wconf 86' lang='lat' dir='ltr'><strong>ses,</strong></span> <span class='ocrx_word' id='word_1_127' title='bbox 271 2509 494 2600; x_wconf 80' lang='lat' dir='ltr'><strong>exitumque</strong></span> <span class='ocrx_word' id='word_1_128' title='bbox 513 2511 766 2589; x_wconf 84' lang='lat' dir='ltr'><strong>divinarunt,</strong></span> <span class='ocrx_word' id='word_1_129' title='bbox 790 2519 828 2576; x_wconf 89' lang='lat' dir='ltr'><strong>et</strong></span> <span class='ocrx_word' id='word_1_130' title='bbox 846 2511 1018 2578; x_wconf 89' lang='lat' dir='ltr'><strong>remedia</strong></span> <span class='ocrx_word' id='word_1_131' title='bbox 1028 2558 1039 2592; x_wconf 94' lang='lat'><strong>,</strong></span> <span class='ocrx_word' id='word_1_132' title='bbox 1061 2511 1137 2576; x_wconf 88' lang='lat' dir='ltr'><strong>sibi</strong></span> <span class='ocrx_word' id='word_1_133' title='bbox 1149 2535 1208 2578; x_wconf 90' lang='lat' dir='ltr'><strong>se-</strong></span> 
     </span>
     <span class='ocr_line' id='line_1_22' title="bbox 166 2610 1209 2698; baseline 0.001 -20"><span class='ocrx_word' id='word_1_134' title='bbox 166 2635 228 2678; x_wconf 79' lang='lat' dir='ltr'><strong>cus</strong></span> <span class='ocrx_word' id='word_1_135' title='bbox 246 2619 284 2678; x_wconf 88' lang='lat' dir='ltr'><strong>et</strong></span> <span class='ocrx_word' id='word_1_136' title='bbox 307 2613 397 2692; x_wconf 81' lang='lat' dir='ltr'><strong>eliis</strong></span> <span class='ocrx_word' id='word_1_137' title='bbox 420 2612 546 2678; x_wconf 86' lang='lat' dir='ltr'><strong>minus</strong></span> <span class='ocrx_word' id='word_1_138' title='bbox 567 2613 721 2698; x_wconf 83' lang='lat' dir='ltr'><strong>cognite</strong></span> <span class='ocrx_word' id='word_1_139' title='bbox 732 2657 743 2690; x_wconf 92' lang='lat'><strong>,</strong></span> <span class='ocrx_word' id='word_1_140' title='bbox 763 2612 997 2680; x_wconf 87' lang='lat' dir='ltr'><strong>indicarunt.</strong></span> <span class='ocrx_word' id='word_1_141' title='bbox 1039 2610 1209 2679; x_wconf 83' lang='lat' dir='ltr'><strong>Fuerunt</strong></span> 
     </span>
     <span class='ocr_line' id='line_1_23' title="bbox 163 2699 1206 2802; baseline 0.002 -24"><span class='ocrx_word' id='word_1_142' title='bbox 163 2717 260 2787; x_wconf 79' lang='lat' dir='ltr'><strong>elii,</strong></span> <span class='ocrx_word' id='word_1_143' title='bbox 290 2711 356 2802; x_wconf 75' lang='lat' dir='ltr'><strong>qui</strong></span> <span class='ocrx_word' id='word_1_144' title='bbox 379 2715 544 2782; x_wconf 78' lang='lat' dir='ltr'><strong>artificis</strong></span> <span class='ocrx_word' id='word_1_145' title='bbox 565 2716 784 2800; x_wconf 83' lang='lat' dir='ltr'><strong>imaginem</strong></span> <span class='ocrx_word' id='word_1_146' title='bbox 806 2699 884 2782; x_wconf 78' lang='lat' dir='ltr'><strong>fere</strong></span> <span class='ocrx_word' id='word_1_147' title='bbox 906 2735 1053 2802; x_wconf 84' lang='lat' dir='ltr'><strong>semper</strong></span> <span class='ocrx_word' id='word_1_148' title='bbox 1075 2733 1206 2780; x_wconf 75' lang='lat' dir='ltr'><strong>coram</strong></span> 
     </span>
     <span class='ocr_line' id='line_1_24' title="bbox 164 2801 1207 2907; baseline 0 -26"><span class='ocrx_word' id='word_1_149' title='bbox 164 2831 208 2882; x_wconf 85' lang='lat' dir='ltr'><strong>se</strong></span> <span class='ocrx_word' id='word_1_150' title='bbox 223 2817 419 2894; x_wconf 88' lang='lat' dir='ltr'><strong>viderent,</strong></span> <span class='ocrx_word' id='word_1_151' title='bbox 443 2820 516 2886; x_wconf 88' lang='lat' dir='ltr'><strong>etsi</strong></span> <span class='ocrx_word' id='word_1_152' title='bbox 528 2819 562 2907; x_wconf 78' lang='lat' dir='ltr'><strong>is</strong></span> <span class='ocrx_word' id='word_1_153' title='bbox 575 2820 618 2884; x_wconf 92' lang='lat' dir='ltr'><strong>in</strong></span> <span class='ocrx_word' id='word_1_154' title='bbox 631 2801 907 2886; x_wconf 81' lang='lat' dir='ltr'><strong>remotioribus</strong></span> <span class='ocrx_word' id='word_1_155' title='bbox 926 2817 1134 2882; x_wconf 85' lang='lat' dir='ltr'><strong>exstitisset</strong></span> <span class='ocrx_word' id='word_1_156' title='bbox 1149 2820 1207 2882; x_wconf 92' lang='lat' dir='ltr'><strong>lo-</strong></span> 
     </span>
    </p>
   </div>
   <div class='ocr_carea' id='block_1_4' title="bbox 167 2927 1355 3012">
    <p class='ocr_par' dir='ltr' id='par_1_4' title="bbox 167 2927 1355 3012">
     <span class='ocr_line' id='line_1_25' title="bbox 167 2927 1355 3012; baseline 0.002 -24"><span class='ocrx_word' id='word_1_157' title='bbox 167 2929 233 2992; x_wconf 85' lang='lat' dir='ltr'><strong>cis.</strong></span> <span class='ocrx_word' id='word_1_158' title='bbox 277 2927 448 3012; x_wconf 83' lang='lat' dir='ltr'><strong>Denique</strong></span> <span class='ocrx_word' id='word_1_159' title='bbox 468 2931 620 2990; x_wconf 82' lang='lat' dir='ltr'><strong>exstent</strong></span> <span class='ocrx_word' id='word_1_160' title='bbox 639 2927 816 3009; x_wconf 85' lang='lat' dir='ltr'><strong>exempla</strong></span> <span class='ocrx_word' id='word_1_161' title='bbox 836 2927 1207 3006; x_wconf 84' lang='lat' dir='ltr'><strong>somnambulorum,</strong></span> <span class='ocrx_word' id='word_1_162' title='bbox 1308 2995 1312 3009; x_wconf 20' lang='lat' dir='ltr'><strong>p</strong></span> <span class='ocrx_word' id='word_1_163' title='bbox 1351 2957 1355 2964; x_wconf 90' lang='lat'><em>·</em></span> 
     </span>
    </p>
   </div>
   <div class='ocr_carea' id='block_1_5' title="bbox 47 3019 1182 3290">
    <p class='ocr_par' dir='ltr' id='par_1_5' title="bbox 47 3019 1182 3290">
     <span class='ocr_line' id='line_1_26' title="bbox 47 3019 1124 3121; baseline 0.003 -30"><span class='ocrx_word' id='word_1_164' title='bbox 47 3047 50 3054; x_wconf 91' lang='grc'><em>·</em></span> <span class='ocrx_word' id='word_1_165' title='bbox 167 3029 233 3116; x_wconf 90' lang='lat' dir='ltr'><strong>qui</strong></span> <span class='ocrx_word' id='word_1_166' title='bbox 253 3031 404 3094; x_wconf 84' lang='lat' dir='ltr'><strong>futuros</strong></span> <span class='ocrx_word' id='word_1_167' title='bbox 423 3049 553 3095; x_wconf 87' lang='lat' dir='ltr'><strong>rerum</strong></span> <span class='ocrx_word' id='word_1_168' title='bbox 574 3019 733 3108; x_wconf 71' lang='lat' dir='ltr'><strong>eventus</strong></span> <span class='ocrx_word' id='word_1_169' title='bbox 751 3031 827 3095; x_wconf 89' lang='lat' dir='ltr'><strong>rita</strong></span> <span class='ocrx_word' id='word_1_170' title='bbox 847 3021 1124 3121; x_wconf 73' lang='lat' dir='ltr'><strong>praedixerint.</strong></span> 
     </span>
     <span class='ocr_line' id='line_1_27' title="bbox 180 3195 1182 3290; baseline 0.004 -24"><span class='ocrx_word' id='word_1_171' title='bbox 180 3213 233 3274; x_wconf 86' lang='lat' dir='ltr'><strong>v1.</strong></span> <span class='ocrx_word' id='word_1_172' title='bbox 253 3214 379 3287; x_wconf 59' lang='lat' dir='ltr'><strong>Mixto</strong></span> <span class='ocrx_word' id='word_1_173' title='bbox 400 3213 647 3286; x_wconf 84' lang='lat' dir='ltr'><strong>magnetismi</strong></span> <span class='ocrx_word' id='word_1_174' title='bbox 664 3209 857 3270; x_wconf 78' lang='lat' dir='ltr'><strong>animalis</strong></span> <span class='ocrx_word' id='word_1_175' title='bbox 886 3195 1182 3290; x_wconf 68' lang='lat' dir='ltr'><strong>phaenomena.</strong></span> 
     </span>
    </p>
   </div>
   <div class='ocr_carea' id='block_1_6' title="bbox 72 3366 1233 3679">
    <p class='ocr_par' dir='ltr' id='par_1_6' title="bbox 72 3366 1233 3679">
     <span class='ocr_line' id='line_1_28' title="bbox 72 3366 1206 3476; baseline -0.004 -22"><span class='ocrx_word' id='word_1_176' title='bbox 72 3445 77 3454; x_wconf 92' lang='lat'>.</span> <span class='ocrx_word' id='word_1_177' title='bbox 248 3384 316 3448; x_wconf 86' lang='lat' dir='ltr'><strong>His</strong></span> <span class='ocrx_word' id='word_1_178' title='bbox 337 3381 616 3476; x_wconf 77' lang='lat' dir='ltr'><strong>phaenomenis</strong></span> <span class='ocrx_word' id='word_1_179' title='bbox 643 3377 871 3448; x_wconf 84' lang='lat' dir='ltr'><strong>adnumerat</strong></span> <span class='ocrx_word' id='word_1_180' title='bbox 894 3381 962 3447; x_wconf 91' lang='lat' dir='ltr'><strong>cel.</strong></span> <span class='ocrx_word' id='word_1_181' title='bbox 979 3366 1027 3448; x_wconf 75' lang='lat' dir='ltr'><strong>sb</strong></span> <span class='ocrx_word' id='word_1_182' title='bbox 1038 3386 1206 3451; x_wconf 74' lang='lat' dir='ltr'><strong>Escnuu·</strong></span> 
     </span>
     <span class='ocr_line' id='line_1_29' title="bbox 134 3475 1206 3570; baseline 0.003 -16"><span class='ocrx_word' id='word_1_183' title='bbox 134 3475 138 3484; x_wconf 52' lang='lat'>¹</span> <span class='ocrx_word' id='word_1_184' title='bbox 164 3502 323 3554; x_wconf 69' lang='lat' dir='ltr'><strong>unusne</strong></span> <span class='ocrx_word' id='word_1_185' title='bbox 351 3484 536 3568; x_wconf 87' lang='lat' dir='ltr'><strong>temporis</strong></span> <span class='ocrx_word' id='word_1_186' title='bbox 556 3485 709 3566; x_wconf 86' lang='lat' dir='ltr'><strong>ideam,</strong></span> <span class='ocrx_word' id='word_1_187' title='bbox 733 3503 809 3570; x_wconf 89' lang='lat' dir='ltr'><strong>qua</strong></span> <span class='ocrx_word' id='word_1_188' title='bbox 828 3490 1093 3556; x_wconf 86' lang='lat' dir='ltr'><strong>somnembuli</strong></span> <span class='ocrx_word' id='word_1_189' title='bbox 1109 3513 1206 3557; x_wconf 89' lang='lat' dir='ltr'><strong>non·</strong></span> 
     </span>
     <span class='ocr_line' id='line_1_30' title="bbox 164 3589 1233 3679; baseline 0.006 -25"><span class='ocrx_word' id='word_1_190' title='bbox 164 3591 269 3654; x_wconf 90' lang='lat' dir='ltr'><strong>nulli</strong></span> <span class='ocrx_word' id='word_1_191' title='bbox 291 3590 393 3652; x_wconf 89' lang='lat' dir='ltr'><strong>mira</strong></span> <span class='ocrx_word' id='word_1_192' title='bbox 406 3607 492 3653; x_wconf 88' lang='lat' dir='ltr'><strong>curn</strong></span> <span class='ocrx_word' id='word_1_193' title='bbox 505 3589 703 3652; x_wconf 85' lang='lat' dir='ltr'><strong>curatione</strong></span> <span class='ocrx_word' id='word_1_194' title='bbox 721 3589 813 3653; x_wconf 87' lang='lat' dir='ltr'><strong>solis</strong></span> <span class='ocrx_word' id='word_1_195' title='bbox 833 3609 984 3658; x_wconf 83' lang='lat' dir='ltr'><strong>cursum</strong></span> <span class='ocrx_word' id='word_1_196' title='bbox 997 3597 1037 3657; x_wconf 86' lang='lat' dir='ltr'><strong>et</strong></span> <span class='ocrx_word' id='word_1_197' title='bbox 1054 3592 1208 3679; x_wconf 82' lang='lat' dir='ltr'><strong>dieipe·</strong></span> <span class='ocrx_word' id='word_1_198' title='bbox 1231 3621 1233 3628; x_wconf 61' lang='lat'><strong><em>¹</em></strong></span> 
     </span>
    </p>
   </div>
   <div class='ocr_carea' id='block_1_7' title="bbox 68 3688 1209 3780">
    <p class='ocr_par' dir='ltr' id='par_1_7' title="bbox 68 3688 1209 3780">
     <span class='ocr_line' id='line_1_31' title="bbox 68 3688 1209 3780; baseline 0.001 -20"><span class='ocrx_word' id='word_1_199' title='bbox 68 3755 73 3764; x_wconf 83' lang='grc'><strong>,</strong></span> <span class='ocrx_word' id='word_1_200' title='bbox 164 3688 1209 3780; x_wconf 67' lang='lat' dir='ltr'><strong>riodosmemoritercalculantetdeterminantsphar·</strong></span> 
     </span>
    </p>
   </div>
   <div class='ocr_carea' id='block_1_8' title="bbox 166 3793 1208 3882">
    <p class='ocr_par' dir='ltr' id='par_1_8' title="bbox 166 3793 1208 3882">
     <span class='ocr_line' id='line_1_32' title="bbox 166 3793 1208 3882; baseline 0.004 -22"><span class='ocrx_word' id='word_1_201' title='bbox 166 3813 366 3860; x_wconf 85' lang='lat' dir='ltr'><strong>macorum</strong></span> <span class='ocrx_word' id='word_1_202' title='bbox 390 3797 570 3859; x_wconf 85' lang='lat' dir='ltr'><strong>adversus</strong></span> <span class='ocrx_word' id='word_1_203' title='bbox 582 3793 735 3860; x_wconf 84' lang='lat' dir='ltr'><strong>morbos</strong></span> <span class='ocrx_word' id='word_1_204' title='bbox 751 3793 925 3862; x_wconf 86' lang='lat' dir='ltr'><strong>diversos</strong></span> <span class='ocrx_word' id='word_1_205' title='bbox 936 3799 1208 3882; x_wconf 78' lang='lat' dir='ltr'><strong>praescriptio·</strong></span> 
     </span>
    </p>
   </div>
   <div class='ocr_carea' id='block_1_9' title="bbox 57 3895 1254 3982">
    <p class='ocr_par' dir='ltr' id='par_1_9' title="bbox 57 3895 1254 3982">
     <span class='ocr_line' id='line_1_33' title="bbox 57 3895 1254 3982; baseline 0.002 -18"><span class='ocrx_word' id='word_1_206' title='bbox 57 3959 59 3964; x_wconf 90' lang='lat'><em>.</em></span> <span class='ocrx_word' id='word_1_207' title='bbox 168 3915 257 3975; x_wconf 80' lang='lat' dir='ltr'><strong>nes3</strong></span> <span class='ocrx_word' id='word_1_208' title='bbox 282 3897 545 3960; x_wconf 76' lang='lat' dir='ltr'><strong>inventiones</strong></span> <span class='ocrx_word' id='word_1_209' title='bbox 574 3895 839 3963; x_wconf 86' lang='lat' dir='ltr'><strong>machinarum</strong></span> <span class='ocrx_word' id='word_1_210' title='bbox 870 3899 1133 3982; x_wconf 73' lang='lat' dir='ltr'><strong>diuersarum,</strong></span> <span class='ocrx_word' id='word_1_211' title='bbox 1172 3909 1211 3966; x_wconf 85' lang='lat' dir='ltr'><strong>et</strong></span> <span class='ocrx_word' id='word_1_212' title='bbox 1247 3966 1254 3978; x_wconf 81' lang='grc'><em>,</em></span> 
     </span>
    </p>
   </div>
   <div class='ocr_carea' id='block_1_10' title="bbox 167 3993 1242 4194">
    <p class='ocr_par' dir='ltr' id='par_1_10' title="bbox 167 3993 1242 4194">
     <span class='ocr_line' id='line_1_34' title="bbox 167 3993 1237 4090; baseline 0 -24"><span class='ocrx_word' id='word_1_213' title='bbox 167 4002 330 4066; x_wconf 83' lang='lat' dir='ltr'><strong>calculos</strong></span> <span class='ocrx_word' id='word_1_214' title='bbox 356 3993 599 4065; x_wconf 79' lang='lat' dir='ltr'><strong>sublimiores</strong></span> <span class='ocrx_word' id='word_1_215' title='bbox 615 4021 638 4062; x_wconf 86' lang='lat' dir='ltr'><strong>a</strong></span> <span class='ocrx_word' id='word_1_216' title='bbox 658 4003 938 4090; x_wconf 81' lang='lat' dir='ltr'><strong>somnambulis</strong></span> <span class='ocrx_word' id='word_1_217' title='bbox 959 4005 1034 4070; x_wconf 86' lang='lat' dir='ltr'><strong>rite</strong></span> <span class='ocrx_word' id='word_1_218' title='bbox 1056 4012 1207 4075; x_wconf 67' lang='lat' dir='ltr'><strong>erutos:</strong></span> <span class='ocrx_word' id='word_1_219' title='bbox 1231 4017 1237 4032; x_wconf 71' lang='lat'><strong>¹</strong></span> 
     </span>
     <span class='ocr_line' id='line_1_35' title="bbox 168 4093 1242 4194; baseline 0.007 -24"><span class='ocrx_word' id='word_1_220' title='bbox 168 4103 331 4190; x_wconf 82' lang='lat' dir='ltr'><strong>denique</strong></span> <span class='ocrx_word' id='word_1_221' title='bbox 344 4101 605 4188; x_wconf 77' lang='lat' dir='ltr'><strong>apparitiones</strong></span> <span class='ocrx_word' id='word_1_222' title='bbox 618 4093 941 4194; x_wconf 51' lang='lat' dir='ltr'><strong>electrices,“quas</strong></span> <span class='ocrx_word' id='word_1_223' title='bbox 953 4105 995 4173; x_wconf 87' lang='lat' dir='ltr'><strong>in</strong></span> <span class='ocrx_word' id='word_1_224' title='bbox 1017 4125 1209 4178; x_wconf 80' lang='lat' dir='ltr'><strong>somnam·</strong></span> <span class='ocrx_word' id='word_1_225' title='bbox 1240 4104 1242 4110; x_wconf 79' lang='grc'><strong>’</strong></span> 
     </span>
    </p>
   </div>
   <div class='ocr_carea' id='block_1_11' title="bbox 56 4191 908 4299">
    <p class='ocr_par' dir='ltr' id='par_1_11' title="bbox 56 4191 908 4299">
     <span class='ocr_line' id='line_1_36' title="bbox 56 4191 908 4299; baseline -0.007 -12"><span class='ocrx_word' id='word_1_226' title='bbox 56 4191 91 4245; x_wconf 61' lang='grc'><strong>”</strong></span> <span class='ocrx_word' id='word_1_227' title='bbox 168 4218 268 4287; x_wconf 85' lang='lat' dir='ltr'><strong>bulis</strong></span> <span class='ocrx_word' id='word_1_228' title='bbox 292 4229 370 4288; x_wconf 83' lang='lat' dir='ltr'><strong>non</strong></span> <span class='ocrx_word' id='word_1_229' title='bbox 392 4233 480 4285; x_wconf 82' lang='lat' dir='ltr'><strong>raro</strong></span> <span class='ocrx_word' id='word_1_230' title='bbox 505 4211 818 4283; x_wconf 76' lang='lat' dir='ltr'><strong>advertuntun·</strong></span> <span class='ocrx_word' id='word_1_231' title='bbox 906 4295 908 4299; x_wconf 23' lang='grc' dir='ltr'>Ι</span> 
     </span>
    </p>
   </div>
   <div class='ocr_carea' id='block_1_12' title="bbox 0 0 1487 5000">
    <p class='ocr_par' dir='ltr' id='par_1_12' title="bbox 0 0 1487 5000">
     <span class='ocr_line' id='line_1_37' title="bbox 0 0 1487 5000; baseline 0 0"><span class='ocrx_word' id='word_1_232' title='bbox 0 0 1487 5000; x_wconf 95' lang='lat' dir='ltr'><strong> </strong></span> 
     </span>
    </p>
   </div>
  </div>
 </body>
</html>
