<?xml version="1.0" encoding="UTF-8"?>
<!DOCTYPE html PUBLIC "-//W3C//DTD XHTML 1.0 Transitional//EN"
    "http://www.w3.org/TR/xhtml1/DTD/xhtml1-transitional.dtd">
<html xmlns="http://www.w3.org/1999/xhtml" xml:lang="en" lang="en">
 <head>
  <title>
</title>
<meta http-equiv="Content-Type" content="text/html;charset=utf-8" />
  <meta name='ocr-system' content='tesseract 3.04.00' />
  <meta name='ocr-capabilities' content='ocr_page ocr_carea ocr_par ocr_line ocrx_word'/>
</head>
<body>
  <div class='ocr_page' id='page_1' title='image "./physiologiamedi00lenhgoog_0506.png"; bbox 0 0 2920 4998; ppageno 0'>
   <div class='ocr_carea' id='block_1_1' title="bbox 521 401 1160 502">
    <p class='ocr_par' dir='ltr' id='par_1_1' title="bbox 521 401 1160 502">
     <span class='ocr_line' id='line_1_1' title="bbox 521 401 1160 502; baseline -0.003 -30"><span class='ocrx_word' id='word_1_1' title='bbox 521 401 579 472; x_wconf 78' lang='lat' dir='ltr'><strong>De</strong></span> <span class='ocrx_word' id='word_1_2' title='bbox 601 419 753 477; x_wconf 75' lang='lat' dir='ltr'><strong>semro.</strong></span> <span class='ocrx_word' id='word_1_3' title='bbox 1098 433 1160 502; x_wconf 75' lang='lat'><strong>531</strong></span> 
     </span>
    </p>
   </div>
   <div class='ocr_carea' id='block_1_2' title="bbox 58 549 1260 1985">
    <p class='ocr_par' dir='ltr' id='par_1_2' title="bbox 58 549 1260 1985">
     <span class='ocr_line' id='line_1_2' title="bbox 115 549 1164 639; baseline 0.006 -19"><span class='ocrx_word' id='word_1_4' title='bbox 115 549 406 639; x_wconf 77' lang='lat' dir='ltr'><strong>reproductivee</strong></span> <span class='ocrx_word' id='word_1_5' title='bbox 440 565 597 632; x_wconf 86' lang='lat' dir='ltr'><strong>scopus,</strong></span> <span class='ocrx_word' id='word_1_6' title='bbox 621 557 664 616; x_wconf 90' lang='lat' dir='ltr'><strong>ut</strong></span> <span class='ocrx_word' id='word_1_7' title='bbox 689 549 825 634; x_wconf 69' lang='lat' dir='ltr'><strong>organi</strong></span> <span class='ocrx_word' id='word_1_8' title='bbox 856 549 1022 634; x_wconf 78' lang='lat' dir='ltr'><strong>cuiusvis</strong></span> <span class='ocrx_word' id='word_1_9' title='bbox 1041 561 1080 624; x_wconf 86' lang='lat' dir='ltr'><strong>et</strong></span> <span class='ocrx_word' id='word_1_10' title='bbox 1101 581 1164 626; x_wconf 87' lang='lat' dir='ltr'><strong>or·</strong></span> 
     </span>
     <span class='ocr_line' id='line_1_3' title="bbox 116 648 1166 746; baseline 0.002 -24"><span class='ocrx_word' id='word_1_11' title='bbox 116 655 286 742; x_wconf 75' lang='lat' dir='ltr'><strong>genismi</strong></span> <span class='ocrx_word' id='word_1_12' title='bbox 309 648 431 717; x_wconf 86' lang='lat' dir='ltr'><strong>totius</strong></span> <span class='ocrx_word' id='word_1_13' title='bbox 455 649 661 738; x_wconf 74' lang='lat' dir='ltr'><strong>integritas</strong></span> <span class='ocrx_word' id='word_1_14' title='bbox 685 659 883 735; x_wconf 85' lang='lat' dir='ltr'><strong>servetur,</strong></span> <span class='ocrx_word' id='word_1_15' title='bbox 907 661 1036 746; x_wconf 87' lang='lat' dir='ltr'><strong>estque</strong></span> <span class='ocrx_word' id='word_1_16' title='bbox 1058 663 1166 745; x_wconf 83' lang='lat' dir='ltr'><strong>perti</strong></span> 
     </span>
     <span class='ocr_line' id='line_1_4' title="bbox 114 753 1165 848; baseline 0.006 -22"><span class='ocrx_word' id='word_1_17' title='bbox 114 763 224 848; x_wconf 82' lang='lat' dir='ltr'><strong>omni</strong></span> <span class='ocrx_word' id='word_1_18' title='bbox 247 779 292 824; x_wconf 83' lang='lat' dir='ltr'><strong>es</strong></span> <span class='ocrx_word' id='word_1_19' title='bbox 314 753 442 820; x_wconf 78' lang='lat' dir='ltr'><strong>indite</strong></span> <span class='ocrx_word' id='word_1_20' title='bbox 463 757 545 832; x_wconf 82' lang='lat' dir='ltr'><strong>vis,</strong></span> <span class='ocrx_word' id='word_1_21' title='bbox 570 773 645 841; x_wconf 88' lang='lat' dir='ltr'><strong>que</strong></span> <span class='ocrx_word' id='word_1_22' title='bbox 675 759 883 828; x_wconf 73' lang='lat' dir='ltr'><strong>materiem</strong></span> <span class='ocrx_word' id='word_1_23' title='bbox 916 779 1025 828; x_wconf 85' lang='lat' dir='ltr'><strong>suem</strong></span> <span class='ocrx_word' id='word_1_24' title='bbox 1048 771 1086 830; x_wconf 85' lang='lat' dir='ltr'><strong>et</strong></span> <span class='ocrx_word' id='word_1_25' title='bbox 1105 767 1165 833; x_wconf 58' lang='lat' dir='ltr'><strong>vis</strong></span> 
     </span>
     <span class='ocr_line' id='line_1_5' title="bbox 116 857 1209 960; baseline -0.001 -28"><span class='ocrx_word' id='word_1_26' title='bbox 116 883 176 932; x_wconf 87' lang='lat' dir='ltr'><strong>res</strong></span> <span class='ocrx_word' id='word_1_27' title='bbox 202 857 453 943; x_wconf 87' lang='lat' dir='ltr'><strong>reproducere</strong></span> <span class='ocrx_word' id='word_1_28' title='bbox 483 858 560 926; x_wconf 86' lang='lat' dir='ltr'><strong>sibi</strong></span> <span class='ocrx_word' id='word_1_29' title='bbox 587 859 674 946; x_wconf 86' lang='lat' dir='ltr'><strong>ipse</strong></span> <span class='ocrx_word' id='word_1_30' title='bbox 706 865 810 928; x_wconf 87' lang='lat' dir='ltr'><strong>velet</strong></span> <span class='ocrx_word' id='word_1_31' title='bbox 838 863 1164 955; x_wconf 76' lang='lat' dir='ltr'><strong>(§§·t01·ct⁰t·)·</strong></span> <span class='ocrx_word' id='word_1_32' title='bbox 1204 951 1209 960; x_wconf 27' lang='grc' dir='ltr'>Ι</span> 
     </span>
     <span class='ocr_line' id='line_1_6' title="bbox 113 963 1260 1054; baseline 0.003 -19"><span class='ocrx_word' id='word_1_33' title='bbox 113 967 256 1036; x_wconf 78' lang='lat' dir='ltr'><strong>Eodem</strong></span> <span class='ocrx_word' id='word_1_34' title='bbox 281 979 430 1049; x_wconf 88' lang='lat' dir='ltr'><strong>quoque</strong></span> <span class='ocrx_word' id='word_1_35' title='bbox 462 963 619 1049; x_wconf 77' lang='lat' dir='ltr'>energia</span> <span class='ocrx_word' id='word_1_36' title='bbox 641 963 681 1030; x_wconf 92' lang='lat' dir='ltr'><strong>in</strong></span> <span class='ocrx_word' id='word_1_37' title='bbox 705 968 861 1052; x_wconf 73' lang='lat' dir='ltr'><strong>organis</strong></span> <span class='ocrx_word' id='word_1_38' title='bbox 892 965 1020 1054; x_wconf 75' lang='lat' dir='ltr'><strong>viget,</strong></span> <span class='ocrx_word' id='word_1_39' title='bbox 1043 971 1166 1037; x_wconf 83' lang='lat' dir='ltr'><strong>sensi·</strong></span> <span class='ocrx_word' id='word_1_40' title='bbox 1207 993 1209 1002; x_wconf 71' lang='grc'>’</span> <span class='ocrx_word' id='word_1_41' title='bbox 1256 1001 1260 1020; x_wconf 70' lang='lat'><strong>¹</strong></span> 
     </span>
     <span class='ocr_line' id='line_1_7' title="bbox 117 1069 1169 1160; baseline -0.001 -18"><span class='ocrx_word' id='word_1_42' title='bbox 117 1077 220 1142; x_wconf 82' lang='lat' dir='ltr'><strong>feres</strong></span> <span class='ocrx_word' id='word_1_43' title='bbox 242 1071 346 1136; x_wconf 84' lang='lat' dir='ltr'><strong>vites</strong></span> <span class='ocrx_word' id='word_1_44' title='bbox 366 1069 690 1158; x_wconf 75' lang='lat' dir='ltr'><strong>inservientibus3</strong></span> <span class='ocrx_word' id='word_1_45' title='bbox 716 1072 809 1159; x_wconf 82' lang='lat' dir='ltr'><strong>quie</strong></span> <span class='ocrx_word' id='word_1_46' title='bbox 828 1080 957 1140; x_wconf 84' lang='lat' dir='ltr'><strong>temen</strong></span> <span class='ocrx_word' id='word_1_47' title='bbox 978 1077 1169 1160; x_wconf 78' lang='lat' dir='ltr'><strong>encsphe&#39;·</strong></span> 
     </span>
     <span class='ocr_line' id='line_1_8' title="bbox 118 1173 1165 1265; baseline 0 -18"><span class='ocrx_word' id='word_1_48' title='bbox 118 1181 149 1248; x_wconf 94' lang='lat' dir='ltr'><strong>li</strong></span> <span class='ocrx_word' id='word_1_49' title='bbox 172 1199 214 1243; x_wconf 82' lang='lat' dir='ltr'><strong>ec</strong></span> <span class='ocrx_word' id='word_1_50' title='bbox 243 1175 365 1242; x_wconf 87' lang='lat' dir='ltr'><strong>totius</strong></span> <span class='ocrx_word' id='word_1_51' title='bbox 397 1173 621 1260; x_wconf 70' lang='lat' dir='ltr'><strong>systematis</strong></span> <span class='ocrx_word' id='word_1_52' title='bbox 647 1178 855 1245; x_wconf 85' lang='lat' dir='ltr'><strong>cerebrelis</strong></span> <span class='ocrx_word' id='word_1_53' title='bbox 887 1179 1165 1265; x_wconf 85' lang='lat' dir='ltr'><strong>biodynemice</strong></span> 
     </span>
     <span class='ocr_line' id='line_1_9' title="bbox 120 1273 1168 1364; baseline 0.002 -16"><span class='ocrx_word' id='word_1_54' title='bbox 120 1279 328 1350; x_wconf 77' lang='lat' dir='ltr'><strong>efficientis</strong></span> <span class='ocrx_word' id='word_1_55' title='bbox 349 1297 416 1364; x_wconf 88' lang='lat' dir='ltr'><strong>per</strong></span> <span class='ocrx_word' id='word_1_56' title='bbox 443 1273 643 1342; x_wconf 78' lang='lat' dir='ltr'>adsiduam</span> <span class='ocrx_word' id='word_1_57' title='bbox 666 1281 860 1347; x_wconf 68' lang='lat' dir='ltr'><strong>actionem</strong></span> <span class='ocrx_word' id='word_1_58' title='bbox 883 1283 1067 1349; x_wconf 74' lang='lat' dir='ltr'><strong>haetenus</strong></span> <span class='ocrx_word' id='word_1_59' title='bbox 1092 1283 1168 1350; x_wconf 77' lang='lat' dir='ltr'><strong>mi·</strong></span> 
     </span>
     <span class='ocr_line' id='line_1_10' title="bbox 118 1379 1169 1474; baseline 0.003 -20"><span class='ocrx_word' id='word_1_60' title='bbox 118 1386 277 1466; x_wconf 79' lang='lat' dir='ltr'><strong>uultur,</strong></span> <span class='ocrx_word' id='word_1_61' title='bbox 301 1389 344 1459; x_wconf 85' lang='lat' dir='ltr'><strong>ut</strong></span> <span class='ocrx_word' id='word_1_62' title='bbox 365 1379 452 1467; x_wconf 85' lang='lat' dir='ltr'><strong>peri</strong></span> <span class='ocrx_word' id='word_1_63' title='bbox 481 1380 631 1446; x_wconf 86' lang='lat' dir='ltr'><strong>retione</strong></span> <span class='ocrx_word' id='word_1_64' title='bbox 662 1385 817 1451; x_wconf 87' lang='lat' dir='ltr'><strong>restitui</strong></span> <span class='ocrx_word' id='word_1_65' title='bbox 844 1404 910 1470; x_wconf 84' lang='lat' dir='ltr'><strong>per</strong></span> <span class='ocrx_word' id='word_1_66' title='bbox 941 1387 1169 1474; x_wconf 72' lang='lat' dir='ltr'><strong>organicum</strong></span> 
     </span>
     <span class='ocr_line' id='line_1_11' title="bbox 120 1487 1169 1580; baseline -0.001 -22"><span class='ocrx_word' id='word_1_67' title='bbox 120 1507 337 1580; x_wconf 77' lang='lat' dir='ltr'><strong>processum</strong></span> <span class='ocrx_word' id='word_1_68' title='bbox 375 1489 482 1556; x_wconf 81' lang='lat' dir='ltr'><strong>houd</strong></span> <span class='ocrx_word' id='word_1_69' title='bbox 522 1487 678 1573; x_wconf 60' lang='lat' dir='ltr'><strong>possit,¹</strong></span> <span class='ocrx_word' id='word_1_70' title='bbox 711 1487 949 1556; x_wconf 75' lang='lat' dir='ltr'><strong>sensibilitas</strong></span> <span class='ocrx_word' id='word_1_71' title='bbox 984 1491 1169 1558; x_wconf 80' lang='lat' dir='ltr'><strong>animulis</strong></span> 
     </span>
     <span class='ocr_line' id='line_1_12' title="bbox 122 1589 1171 1675; baseline 0 -15"><span class='ocrx_word' id='word_1_72' title='bbox 122 1595 282 1661; x_wconf 77' lang='lat' dir='ltr'><strong>tandem</strong></span> <span class='ocrx_word' id='word_1_73' title='bbox 316 1591 372 1655; x_wconf 87' lang='lat' dir='ltr'><strong>ite</strong></span> <span class='ocrx_word' id='word_1_74' title='bbox 405 1591 665 1675; x_wconf 74' lang='lat' dir='ltr'><strong>deprimitur,</strong></span> <span class='ocrx_word' id='word_1_75' title='bbox 688 1595 732 1654; x_wconf 91' lang='lat' dir='ltr'><strong>ut</strong></span> <span class='ocrx_word' id='word_1_76' title='bbox 769 1589 957 1675; x_wconf 81' lang='lat' dir='ltr'><strong>impulsus</strong></span> <span class='ocrx_word' id='word_1_77' title='bbox 994 1599 1171 1660; x_wconf 80' lang='lat' dir='ltr'><strong>externos</strong></span> 
     </span>
     <span class='ocr_line' id='line_1_13' title="bbox 121 1691 1171 1782; baseline -0.002 -16"><span class='ocrx_word' id='word_1_78' title='bbox 121 1700 313 1782; x_wconf 86' lang='lat' dir='ltr'><strong>recipere,</strong></span> <span class='ocrx_word' id='word_1_79' title='bbox 346 1691 394 1758; x_wconf 84' lang='lat' dir='ltr'><strong>ed</strong></span> <span class='ocrx_word' id='word_1_80' title='bbox 426 1693 639 1758; x_wconf 89' lang='lat' dir='ltr'><strong>sensorium</strong></span> <span class='ocrx_word' id='word_1_81' title='bbox 673 1691 908 1772; x_wconf 86' lang='lat' dir='ltr'><strong>conducere,</strong></span> <span class='ocrx_word' id='word_1_82' title='bbox 933 1699 970 1760; x_wconf 91' lang='lat' dir='ltr'><strong>et</strong></span> <span class='ocrx_word' id='word_1_83' title='bbox 992 1696 1171 1764; x_wconf 68' lang='lat' dir='ltr'><strong>animum</strong></span> 
     </span>
     <span class='ocr_line' id='line_1_14' title="bbox 58 1791 1172 1890; baseline -0.001 -25"><span class='ocrx_word' id='word_1_84' title='bbox 58 1881 60 1890; x_wconf 19' lang='lat' dir='ltr'>y</span> <span class='ocrx_word' id='word_1_85' title='bbox 122 1803 275 1867; x_wconf 82' lang='lat' dir='ltr'><strong>mutere</strong></span> <span class='ocrx_word' id='word_1_86' title='bbox 295 1812 371 1861; x_wconf 92' lang='lat' dir='ltr'><strong>non</strong></span> <span class='ocrx_word' id='word_1_87' title='bbox 396 1793 561 1879; x_wconf 85' lang='lat' dir='ltr'><strong>emplius</strong></span> <span class='ocrx_word' id='word_1_88' title='bbox 581 1791 723 1878; x_wconf 81' lang='lat' dir='ltr'><strong>possit3</strong></span> <span class='ocrx_word' id='word_1_89' title='bbox 743 1793 868 1878; x_wconf 85' lang='lat' dir='ltr'><strong>ipsum</strong></span> <span class='ocrx_word' id='word_1_90' title='bbox 894 1801 1095 1879; x_wconf 74' lang='lat' dir='ltr'><strong>praeterea</strong></span> <span class='ocrx_word' id='word_1_91' title='bbox 1117 1817 1172 1864; x_wconf 86' lang='lat' dir='ltr'><strong>ce·</strong></span> 
     </span>
     <span class='ocr_line' id='line_1_15' title="bbox 121 1898 1169 1985; baseline -0.001 -16"><span class='ocrx_word' id='word_1_92' title='bbox 121 1906 277 1970; x_wconf 88' lang='lat' dir='ltr'><strong>rebrum</strong></span> <span class='ocrx_word' id='word_1_93' title='bbox 298 1901 355 1964; x_wconf 88' lang='lat' dir='ltr'><strong>ite</strong></span> <span class='ocrx_word' id='word_1_94' title='bbox 379 1898 691 1984; x_wconf 71' lang='lat' dir='ltr'><strong>elanguescit,ut</strong></span> <span class='ocrx_word' id='word_1_95' title='bbox 713 1899 867 1964; x_wconf 82' lang='lat' dir='ltr'><strong>enimse</strong></span> <span class='ocrx_word' id='word_1_96' title='bbox 891 1899 1077 1985; x_wconf 84' lang='lat' dir='ltr'><strong>impulsui</strong></span> <span class='ocrx_word' id='word_1_97' title='bbox 1090 1919 1169 1968; x_wconf 88' lang='lat' dir='ltr'><strong>non</strong></span> 
     </span>
    </p>
   </div>
   <div class='ocr_carea' id='block_1_3' title="bbox 4 1999 1173 2089">
    <p class='ocr_par' dir='ltr' id='par_1_3' title="bbox 4 1987 1173 2089">
     <span class='ocr_line' id='line_1_16' title="bbox 4 1999 1173 2089; baseline -0.014 -15"><span class='ocrx_word' id='word_1_98' title='bbox 4 1999 5 2004; x_wconf 59' lang='grc'>’</span> <span class='ocrx_word' id='word_1_99' title='bbox 122 2005 288 2089; x_wconf 84' lang='lat' dir='ltr'><strong>emplius</strong></span> <span class='ocrx_word' id='word_1_100' title='bbox 311 1999 478 2068; x_wconf 86' lang='lat' dir='ltr'><strong>obediet.</strong></span> <span class='ocrx_word' id='word_1_101' title='bbox 513 2002 681 2067; x_wconf 80' lang='lat' dir='ltr'><strong>Tollitur</strong></span> <span class='ocrx_word' id='word_1_102' title='bbox 703 2002 795 2068; x_wconf 85' lang='lat' dir='ltr'><strong>hinc</strong></span> <span class='ocrx_word' id='word_1_103' title='bbox 819 2023 888 2088; x_wconf 85' lang='lat' dir='ltr'><strong>per</strong></span> <span class='ocrx_word' id='word_1_104' title='bbox 907 2007 1061 2088; x_wconf 73' lang='lat' dir='ltr'><strong>tempus</strong></span> <span class='ocrx_word' id='word_1_105' title='bbox 1082 2023 1173 2071; x_wconf 84' lang='lat' dir='ltr'><strong>con-</strong></span> 
     </span>
    </p>
   </div>
   <div class='ocr_carea' id='block_1_4' title="bbox 121 2103 1178 2483">
    <p class='ocr_par' dir='ltr' id='par_1_4' title="bbox 121 2103 1178 2483">
     <span class='ocr_line' id='line_1_17' title="bbox 121 2103 1173 2191; baseline 0.002 -17"><span class='ocrx_word' id='word_1_106' title='bbox 121 2107 284 2174; x_wconf 86' lang='lat' dir='ltr'><strong>scientie</strong></span> <span class='ocrx_word' id='word_1_107' title='bbox 303 2107 350 2190; x_wconf 78' lang='lat' dir='ltr'><strong>(t.</strong></span> <span class='ocrx_word' id='word_1_108' title='bbox 370 2105 497 2191; x_wconf 60' lang='grc'><strong><em>555),</em></strong></span> <span class='ocrx_word' id='word_1_109' title='bbox 522 2111 561 2172; x_wconf 89' lang='lat' dir='ltr'><strong>et</strong></span> <span class='ocrx_word' id='word_1_110' title='bbox 580 2105 684 2189; x_wconf 86' lang='lat' dir='ltr'><strong>perit</strong></span> <span class='ocrx_word' id='word_1_111' title='bbox 705 2103 829 2172; x_wconf 84' lang='lat' dir='ltr'><strong>enimi</strong></span> <span class='ocrx_word' id='word_1_112' title='bbox 852 2112 1024 2190; x_wconf 77' lang='lat' dir='ltr'><strong>potestus</strong></span> <span class='ocrx_word' id='word_1_113' title='bbox 1044 2107 1085 2175; x_wconf 84' lang='lat' dir='ltr'><strong>in</strong></span> <span class='ocrx_word' id='word_1_114' title='bbox 1106 2129 1173 2176; x_wconf 81' lang='lat' dir='ltr'><strong>vo·</strong></span> 
     </span>
     <span class='ocr_line' id='line_1_18' title="bbox 121 2205 1175 2296; baseline 0 -19"><span class='ocrx_word' id='word_1_115' title='bbox 121 2208 313 2277; x_wconf 81' lang='lat' dir='ltr'><strong>luntarios</strong></span> <span class='ocrx_word' id='word_1_116' title='bbox 332 2213 472 2284; x_wconf 86' lang='lat' dir='ltr'><strong>motus,</strong></span> <span class='ocrx_word' id='word_1_117' title='bbox 494 2205 777 2292; x_wconf 86' lang='lat' dir='ltr'><strong>reproductivis</strong></span> <span class='ocrx_word' id='word_1_118' title='bbox 797 2207 1064 2284; x_wconf 77' lang='lat' dir='ltr'><strong>functionibus</strong></span> <span class='ocrx_word' id='word_1_119' title='bbox 1086 2231 1175 2296; x_wconf 87' lang='lat' dir='ltr'><strong>por·</strong></span> 
     </span>
     <span class='ocr_line' id='line_1_19' title="bbox 130 2307 1178 2398; baseline -0.001 -17"><span class='ocrx_word' id='word_1_120' title='bbox 130 2335 174 2382; x_wconf 91' lang='lat' dir='ltr'><strong>ro</strong></span> <span class='ocrx_word' id='word_1_121' title='bbox 197 2311 447 2397; x_wconf 77' lang='lat' dir='ltr'><strong>vigentibuer</strong></span> <span class='ocrx_word' id='word_1_122' title='bbox 472 2315 510 2374; x_wconf 93' lang='lat' dir='ltr'><strong>et</strong></span> <span class='ocrx_word' id='word_1_123' title='bbox 545 2307 611 2374; x_wconf 91' lang='lat' dir='ltr'><strong>hic</strong></span> <span class='ocrx_word' id='word_1_124' title='bbox 644 2315 699 2374; x_wconf 89' lang='lat' dir='ltr'><strong>est</strong></span> <span class='ocrx_word' id='word_1_125' title='bbox 731 2313 857 2374; x_wconf 78' lang='lat' dir='ltr'><strong>stetur</strong></span> <span class='ocrx_word' id='word_1_126' title='bbox 890 2309 980 2389; x_wconf 86' lang='lat' dir='ltr'><strong>ille,</strong></span> <span class='ocrx_word' id='word_1_127' title='bbox 1007 2313 1074 2398; x_wconf 89' lang='lat' dir='ltr'><strong>qui</strong></span> <span class='ocrx_word' id='word_1_128' title='bbox 1109 2331 1178 2380; x_wconf 83' lang='lat' dir='ltr'><strong>so·</strong></span> 
     </span>
     <span class='ocr_line' id='line_1_20' title="bbox 124 2409 455 2483; baseline -0.03 0"><span class='ocrx_word' id='word_1_129' title='bbox 124 2435 164 2483; x_wconf 86' lang='lat' dir='ltr'><strong>m</strong></span> <span class='ocrx_word' id='word_1_130' title='bbox 181 2435 205 2481; x_wconf 89' lang='lat' dir='ltr'><strong>n</strong></span> <span class='ocrx_word' id='word_1_131' title='bbox 219 2433 273 2480; x_wconf 89' lang='lat' dir='ltr'><strong>us</strong></span> <span class='ocrx_word' id='word_1_132' title='bbox 300 2409 455 2476; x_wconf 74' lang='lat' dir='ltr'><strong>dicitur.</strong></span> 
     </span>
    </p>
   </div>
   <div class='ocr_carea' id='block_1_5' title="bbox 123 2529 1176 3141">
    <p class='ocr_par' dir='ltr' id='par_1_5' title="bbox 123 2529 1176 3141">
     <span class='ocr_line' id='line_1_21' title="bbox 210 2529 1176 2626; baseline -0.008 -20"><span class='ocrx_word' id='word_1_133' title='bbox 210 2533 423 2626; x_wconf 71' lang='lat' dir='ltr'><strong>discedente</strong></span> <span class='ocrx_word' id='word_1_134' title='bbox 451 2534 519 2600; x_wconf 87' lang='lat' dir='ltr'><strong>sub</strong></span> <span class='ocrx_word' id='word_1_135' title='bbox 547 2551 682 2600; x_wconf 85' lang='lat' dir='ltr'><strong>somno</strong></span> <span class='ocrx_word' id='word_1_136' title='bbox 713 2529 819 2601; x_wconf 81' lang='lat' dir='ltr'><strong>vltee</strong></span> <span class='ocrx_word' id='word_1_137' title='bbox 845 2533 1003 2626; x_wconf 69' lang='lat' dir='ltr'><strong>enei-ple</strong></span> <span class='ocrx_word' id='word_1_138' title='bbox 1034 2539 1083 2610; x_wconf 76' lang='lat' dir='ltr'><strong>eli</strong></span> <span class='ocrx_word' id='word_1_139' title='bbox 1115 2563 1176 2610; x_wconf 84' lang='lat' dir='ltr'><strong>or.</strong></span> 
     </span>
     <span class='ocr_line' id='line_1_22' title="bbox 123 2635 1176 2734; baseline 0.002 -21"><span class='ocrx_word' id='word_1_140' title='bbox 123 2643 232 2734; x_wconf 71' lang='lat' dir='ltr'><strong>genie</strong></span> <span class='ocrx_word' id='word_1_141' title='bbox 265 2639 484 2719; x_wconf 77' lang='lat' dir='ltr'><strong>sensiferis,</strong></span> <span class='ocrx_word' id='word_1_142' title='bbox 508 2643 697 2728; x_wconf 85' lang='lat' dir='ltr'><strong>quetenue</strong></span> <span class='ocrx_word' id='word_1_143' title='bbox 727 2639 823 2706; x_wconf 86' lang='lat' dir='ltr'><strong>heec</strong></span> <span class='ocrx_word' id='word_1_144' title='bbox 845 2635 919 2726; x_wconf 86' lang='lat' dir='ltr'><strong>ipsi</strong></span> <span class='ocrx_word' id='word_1_145' title='bbox 953 2643 1176 2715; x_wconf 78' lang='lat' dir='ltr'><strong>inserviunt</strong></span> 
     </span>
     <span class='ocr_line' id='line_1_23' title="bbox 125 2740 1176 2828; baseline 0.001 -13"><span class='ocrx_word' id='word_1_146' title='bbox 125 2749 296 2824; x_wconf 81' lang='lat' dir='ltr'><strong>enimes,</strong></span> <span class='ocrx_word' id='word_1_147' title='bbox 323 2742 455 2810; x_wconf 88' lang='lat' dir='ltr'><strong>eedem</strong></span> <span class='ocrx_word' id='word_1_148' title='bbox 485 2740 528 2808; x_wconf 91' lang='lat' dir='ltr'><strong>in</strong></span> <span class='ocrx_word' id='word_1_149' title='bbox 556 2759 705 2808; x_wconf 82' lang='lat' dir='ltr'><strong>merem</strong></span> <span class='ocrx_word' id='word_1_150' title='bbox 733 2743 1068 2828; x_wconf 86' lang='lat' dir='ltr'><strong>reproductionsm</strong></span> <span class='ocrx_word' id='word_1_151' title='bbox 1100 2749 1176 2816; x_wconf 86' lang='lat' dir='ltr'><strong>im·</strong></span> 
     </span>
     <span class='ocr_line' id='line_1_24' title="bbox 125 2841 1175 2940; baseline -0.004 -22"><span class='ocrx_word' id='word_1_152' title='bbox 125 2849 330 2940; x_wconf 84' lang='lat' dir='ltr'><strong>penditur,</strong></span> <span class='ocrx_word' id='word_1_153' title='bbox 347 2852 391 2912; x_wconf 91' lang='lat' dir='ltr'><strong>ut</strong></span> <span class='ocrx_word' id='word_1_154' title='bbox 414 2846 509 2912; x_wconf 89' lang='lat' dir='ltr'><strong>edeo</strong></span> <span class='ocrx_word' id='word_1_155' title='bbox 547 2841 789 2930; x_wconf 75' lang='lat' dir='ltr'><strong>vegetativee</strong></span> <span class='ocrx_word' id='word_1_156' title='bbox 816 2849 921 2914; x_wconf 82' lang='lat' dir='ltr'><strong>vites</strong></span> <span class='ocrx_word' id='word_1_157' title='bbox 950 2863 1094 2935; x_wconf 77' lang='lat' dir='ltr'><strong>orgene</strong></span> <span class='ocrx_word' id='word_1_158' title='bbox 1116 2851 1175 2915; x_wconf 85' lang='lat' dir='ltr'><strong>vi·</strong></span> 
     </span>
     <span class='ocr_line' id='line_1_25' title="bbox 124 2947 1175 3036; baseline -0.005 -11"><span class='ocrx_word' id='word_1_159' title='bbox 124 2958 233 3025; x_wconf 86' lang='lat' dir='ltr'><strong>ribus</strong></span> <span class='ocrx_word' id='word_1_160' title='bbox 256 2955 477 3023; x_wconf 83' lang='lat' dir='ltr'><strong>recreentur</strong></span> <span class='ocrx_word' id='word_1_161' title='bbox 498 2967 575 3016; x_wconf 88' lang='lat' dir='ltr'><strong>non</strong></span> <span class='ocrx_word' id='word_1_162' title='bbox 593 2947 878 3029; x_wconf 86' lang='lat' dir='ltr'><strong>modo,verum</strong></span> <span class='ocrx_word' id='word_1_163' title='bbox 902 2949 1029 3036; x_wconf 85' lang='lat' dir='ltr'><strong>ipsum</strong></span> <span class='ocrx_word' id='word_1_164' title='bbox 1052 2951 1175 3020; x_wconf 88' lang='lat' dir='ltr'><strong>etiem</strong></span> 
     </span>
     <span class='ocr_line' id='line_1_26' title="bbox 124 3051 1175 3141; baseline -0.003 -12"><span class='ocrx_word' id='word_1_165' title='bbox 124 3057 323 3129; x_wconf 78' lang='lat' dir='ltr'><strong>cerebrum</strong></span> <span class='ocrx_word' id='word_1_166' title='bbox 343 3059 381 3122; x_wconf 89' lang='lat' dir='ltr'><strong>et</strong></span> <span class='ocrx_word' id='word_1_167' title='bbox 399 3053 510 3120; x_wconf 89' lang='lat' dir='ltr'><strong>nervi</strong></span> <span class='ocrx_word' id='word_1_168' title='bbox 531 3051 610 3134; x_wconf 78' lang='lat' dir='ltr'><strong>ejus</strong></span> <span class='ocrx_word' id='word_1_169' title='bbox 632 3051 940 3138; x_wconf 84' lang='lat' dir='ltr'><strong>receptivitetsm</strong></span> <span class='ocrx_word' id='word_1_170' title='bbox 964 3053 1175 3141; x_wconf 83' lang='lat' dir='ltr'><strong>pristinem</strong></span> 
     </span>
    </p>
   </div>
   <div class='ocr_carea' id='block_1_6' title="bbox 124 3151 1394 3351">
    <p class='ocr_par' dir='ltr' id='par_1_6' title="bbox 124 3151 1394 3351">
     <span class='ocr_line' id='line_1_27' title="bbox 124 3151 1301 3248; baseline -0.003 -17"><span class='ocrx_word' id='word_1_171' title='bbox 124 3162 373 3248; x_wconf 78' lang='lat' dir='ltr'><strong>recuperents</strong></span> <span class='ocrx_word' id='word_1_172' title='bbox 408 3151 526 3222; x_wconf 86' lang='lat' dir='ltr'><strong>edfici</strong></span> <span class='ocrx_word' id='word_1_173' title='bbox 550 3153 593 3222; x_wconf 85' lang='lat' dir='ltr'><strong>hi</strong></span> <span class='ocrx_word' id='word_1_174' title='bbox 626 3175 803 3224; x_wconf 84' lang='lat' dir='ltr'><strong>ererum</strong></span> <span class='ocrx_word' id='word_1_175' title='bbox 838 3164 1081 3227; x_wconf 77' lang='lat' dir='ltr'><strong>externorum</strong></span> <span class='ocrx_word' id='word_1_176' title='bbox 1114 3163 1176 3230; x_wconf 88' lang='lat' dir='ltr'><strong>in·</strong></span> <span class='ocrx_word' id='word_1_177' title='bbox 1295 3159 1301 3171; x_wconf 74' lang='grc'><strong>“</strong></span> 
     </span>
     <span class='ocr_line' id='line_1_28' title="bbox 126 3259 1394 3351; baseline -0.006 -16"><span class='ocrx_word' id='word_1_178' title='bbox 126 3265 259 3348; x_wconf 80' lang='lat' dir='ltr'><strong>fluxu,</strong></span> <span class='ocrx_word' id='word_1_179' title='bbox 282 3268 320 3330; x_wconf 88' lang='lat' dir='ltr'><strong>et</strong></span> <span class='ocrx_word' id='word_1_180' title='bbox 339 3259 486 3329; x_wconf 85' lang='lat' dir='ltr'><strong>muteri</strong></span> <span class='ocrx_word' id='word_1_181' title='bbox 508 3260 555 3326; x_wconf 82' lang='lat' dir='ltr'><strong>eb</strong></span> <span class='ocrx_word' id='word_1_182' title='bbox 577 3259 701 3328; x_wconf 85' lang='lat' dir='ltr'><strong>enimi</strong></span> <span class='ocrx_word' id='word_1_183' title='bbox 722 3261 892 3344; x_wconf 90' lang='lat' dir='ltr'><strong>impulsu</strong></span> <span class='ocrx_word' id='word_1_184' title='bbox 914 3261 1014 3330; x_wconf 90' lang='lat' dir='ltr'><strong>illud</strong></span> <span class='ocrx_word' id='word_1_185' title='bbox 1035 3266 1172 3351; x_wconf 60' lang='lat' dir='ltr'><strong>possit</strong></span> <span class='ocrx_word' id='word_1_186' title='bbox 1289 3294 1296 3313; x_wconf 53' lang='grc' dir='ltr'><em>ι</em></span> <span class='ocrx_word' id='word_1_187' title='bbox 1391 3317 1394 3328; x_wconf 94' lang='grc'>,</span> 
     </span>
    </p>
   </div>
   <div class='ocr_carea' id='block_1_7' title="bbox 125 3359 1271 3694">
    <p class='ocr_par' dir='ltr' id='par_1_7' title="bbox 125 3359 1271 3694">
     <span class='ocr_line' id='line_1_29' title="bbox 125 3359 1178 3451; baseline -0.002 -13"><span class='ocrx_word' id='word_1_188' title='bbox 125 3367 261 3438; x_wconf 70' lang='lat' dir='ltr'><strong>redeat</strong></span> <span class='ocrx_word' id='word_1_189' title='bbox 304 3359 539 3432; x_wconf 80' lang='lat' dir='ltr'><strong>conscientie</strong></span> <span class='ocrx_word' id='word_1_190' title='bbox 571 3380 656 3428; x_wconf 90' lang='lat' dir='ltr'><strong>cum</strong></span> <span class='ocrx_word' id='word_1_191' title='bbox 690 3367 865 3430; x_wconf 88' lang='lat' dir='ltr'><strong>motuum</strong></span> <span class='ocrx_word' id='word_1_192' title='bbox 901 3371 1112 3451; x_wconf 78' lang='lat' dir='ltr'><strong>potestate,</strong></span> <span class='ocrx_word' id='word_1_193' title='bbox 1139 3373 1178 3436; x_wconf 87' lang='lat' dir='ltr'><strong>st</strong></span> 
     </span>
     <span class='ocr_line' id='line_1_30' title="bbox 125 3465 1177 3552; baseline -0.002 -12"><span class='ocrx_word' id='word_1_194' title='bbox 125 3471 355 3541; x_wconf 86' lang='lat' dir='ltr'><strong>restituetur</strong></span> <span class='ocrx_word' id='word_1_195' title='bbox 377 3468 480 3535; x_wconf 76' lang='lat' dir='ltr'><strong>clere</strong></span> <span class='ocrx_word' id='word_1_196' title='bbox 497 3467 695 3552; x_wconf 81' lang='lat' dir='ltr'><strong>perceptio</strong></span> <span class='ocrx_word' id='word_1_197' title='bbox 721 3481 809 3532; x_wconf 87' lang='lat' dir='ltr'><strong>oum</strong></span> <span class='ocrx_word' id='word_1_198' title='bbox 840 3465 973 3540; x_wconf 78' lang='lat' dir='ltr'><strong>vivide</strong></span> <span class='ocrx_word' id='word_1_199' title='bbox 995 3485 1177 3548; x_wconf 84' lang='lat' dir='ltr'><strong>sensuum</strong></span> 
     </span>
     <span class='ocr_line' id='line_1_31' title="bbox 127 3572 1271 3694; baseline -0.003 -50"><span class='ocrx_word' id='word_1_200' title='bbox 127 3578 306 3656; x_wconf 59' lang='lat' dir='ltr'><strong>seticum</strong></span> <span class='ocrx_word' id='word_1_201' title='bbox 330 3580 369 3640; x_wconf 89' lang='lat' dir='ltr'><strong>st</strong></span> <span class='ocrx_word' id='word_1_202' title='bbox 392 3572 458 3641; x_wconf 88' lang='lat' dir='ltr'><strong>hic</strong></span> <span class='ocrx_word' id='word_1_203' title='bbox 489 3577 546 3640; x_wconf 85' lang='lat' dir='ltr'><strong>est</strong></span> <span class='ocrx_word' id='word_1_204' title='bbox 579 3577 702 3640; x_wconf 75' lang='lat' dir='ltr'><strong>status</strong></span> <span class='ocrx_word' id='word_1_205' title='bbox 730 3573 862 3656; x_wconf 85' lang='lat' dir='ltr'><strong>vitee,</strong></span> <span class='ocrx_word' id='word_1_206' title='bbox 888 3575 956 3662; x_wconf 84' lang='lat' dir='ltr'><strong>qui</strong></span> <span class='ocrx_word' id='word_1_207' title='bbox 983 3573 1178 3694; x_wconf 61' lang='lat' dir='ltr'><strong>vigilie</strong></span> <span class='ocrx_word' id='word_1_208' title='bbox 1270 3663 1271 3672; x_wconf 8' lang='grc' dir='ltr'>ἵ</span> 
     </span>
    </p>
   </div>
   <div class='ocr_carea' id='block_1_8' title="bbox 28 3677 252 3746">
    <p class='ocr_par' dir='ltr' id='par_1_8' title="bbox 28 3677 252 3746">
     <span class='ocr_line' id='line_1_32' title="bbox 28 3677 252 3746; baseline -0.004 -2"><span class='ocrx_word' id='word_1_209' title='bbox 28 3683 32 3692; x_wconf 91' lang='grc'><strong>“</strong></span> <span class='ocrx_word' id='word_1_210' title='bbox 129 3677 252 3746; x_wconf 71' lang='lat' dir='ltr'><strong>cudit.</strong></span> 
     </span>
    </p>
   </div>
   <div class='ocr_carea' id='block_1_9' title="bbox 126 3813 1178 4216">
    <p class='ocr_par' dir='ltr' id='par_1_9' title="bbox 126 3813 1178 4216">
     <span class='ocr_line' id='line_1_33' title="bbox 212 3813 1174 3894; baseline -0.003 -6"><span class='ocrx_word' id='word_1_211' title='bbox 212 3821 323 3888; x_wconf 85' lang='lat' dir='ltr'><strong>Petet</strong></span> <span class='ocrx_word' id='word_1_212' title='bbox 341 3819 470 3882; x_wconf 87' lang='lat' dir='ltr'><strong>eutem</strong></span> <span class='ocrx_word' id='word_1_213' title='bbox 493 3835 535 3882; x_wconf 86' lang='lat' dir='ltr'><strong>ex</strong></span> <span class='ocrx_word' id='word_1_214' title='bbox 558 3815 642 3894; x_wconf 86' lang='lat' dir='ltr'><strong>hie,</strong></span> <span class='ocrx_word' id='word_1_215' title='bbox 667 3815 823 3884; x_wconf 77' lang='lat' dir='ltr'><strong>enimes</strong></span> <span class='ocrx_word' id='word_1_216' title='bbox 849 3813 948 3885; x_wconf 88' lang='lat' dir='ltr'><strong>illud</strong></span> <span class='ocrx_word' id='word_1_217' title='bbox 976 3833 1062 3887; x_wconf 87' lang='lat' dir='ltr'><strong>cum</strong></span> <span class='ocrx_word' id='word_1_218' title='bbox 1093 3835 1174 3885; x_wconf 87' lang='lat' dir='ltr'><strong>cor·</strong></span> 
     </span>
     <span class='ocr_line' id='line_1_34' title="bbox 126 3916 1172 4012; baseline -0.004 -20"><span class='ocrx_word' id='word_1_219' title='bbox 126 3945 220 4012; x_wconf 86' lang='lat' dir='ltr'><strong>pore</strong></span> <span class='ocrx_word' id='word_1_220' title='bbox 248 3919 524 3990; x_wconf 82' lang='lat' dir='ltr'><strong>commercium</strong></span> <span class='ocrx_word' id='word_1_221' title='bbox 546 3916 567 4004; x_wconf 91' lang='lat'>(</span> <span class='ocrx_word' id='word_1_222' title='bbox 577 3925 607 4002; x_wconf 72' lang='lat'><strong>5.</strong></span> <span class='ocrx_word' id='word_1_223' title='bbox 627 3921 737 4005; x_wconf 73' lang='lat'><strong><em>552.)</em></strong></span> <span class='ocrx_word' id='word_1_224' title='bbox 767 3917 837 3984; x_wconf 87' lang='lat' dir='ltr'><strong>sub</strong></span> <span class='ocrx_word' id='word_1_225' title='bbox 858 3935 993 3986; x_wconf 84' lang='lat' dir='ltr'><strong>somno</strong></span> <span class='ocrx_word' id='word_1_226' title='bbox 1015 3938 1172 4008; x_wconf 85' lang='lat' dir='ltr'><strong>suspeu-</strong></span> 
     </span>
     <span class='ocr_line' id='line_1_35' title="bbox 128 4017 1176 4105; baseline -0.006 -8"><span class='ocrx_word' id='word_1_227' title='bbox 128 4047 215 4098; x_wconf 89' lang='lat' dir='ltr'><strong>sum</strong></span> <span class='ocrx_word' id='word_1_228' title='bbox 240 4045 340 4105; x_wconf 84' lang='lat' dir='ltr'><strong>esse,</strong></span> <span class='ocrx_word' id='word_1_229' title='bbox 359 4023 421 4090; x_wconf 84' lang='lat' dir='ltr'><strong>vel</strong></span> <span class='ocrx_word' id='word_1_230' title='bbox 453 4025 616 4101; x_wconf 86' lang='lat' dir='ltr'><strong>seltem,</strong></span> <span class='ocrx_word' id='word_1_231' title='bbox 641 4025 684 4086; x_wconf 92' lang='lat' dir='ltr'><strong>ut</strong></span> <span class='ocrx_word' id='word_1_232' title='bbox 714 4019 764 4086; x_wconf 86' lang='lat' dir='ltr'><strong>in</strong></span> <span class='ocrx_word' id='word_1_233' title='bbox 785 4017 1011 4104; x_wconf 78' lang='lat' dir='ltr'><strong>imperfecto</strong></span> <span class='ocrx_word' id='word_1_234' title='bbox 1040 4043 1176 4092; x_wconf 83' lang='lat' dir='ltr'><strong>somno</strong></span> 
     </span>
     <span class='ocr_line' id='line_1_36' title="bbox 127 4111 1178 4216; baseline -0.006 -16"><span class='ocrx_word' id='word_1_235' title='bbox 127 4137 206 4215; x_wconf 87' lang='lat' dir='ltr'><strong>est,</strong></span> <span class='ocrx_word' id='word_1_236' title='bbox 230 4147 376 4216; x_wconf 80' lang='lat' dir='ltr'><strong>ergene</strong></span> <span class='ocrx_word' id='word_1_237' title='bbox 397 4145 477 4194; x_wconf 89' lang='lat' dir='ltr'><strong>non</strong></span> <span class='ocrx_word' id='word_1_238' title='bbox 498 4125 591 4191; x_wconf 85' lang='lat' dir='ltr'><strong>setis</strong></span> <span class='ocrx_word' id='word_1_239' title='bbox 620 4122 778 4191; x_wconf 85' lang='lat' dir='ltr'><strong>obedire</strong></span> <span class='ocrx_word' id='word_1_240' title='bbox 800 4125 930 4190; x_wconf 86' lang='lat' dir='ltr'><strong>enimc</strong></span> <span class='ocrx_word' id='word_1_241' title='bbox 943 4169 955 4204; x_wconf 87' lang='lat'><em>,</em></span> <span class='ocrx_word' id='word_1_242' title='bbox 980 4111 1024 4191; x_wconf 50' lang='lat' dir='ltr'><strong>u&#39;t</strong></span> <span class='ocrx_word' id='word_1_243' title='bbox 1041 4125 1178 4208; x_wconf 77' lang='lat' dir='ltr'><strong>&#39;libere</strong></span> 
     </span>
    </p>
   </div>
   <div class='ocr_carea' id='block_1_10' title="bbox 129 4223 1171 4402">
    <p class='ocr_par' dir='ltr' id='par_1_10' title="bbox 129 4223 1171 4402">
     <span class='ocr_line' id='line_1_37' title="bbox 129 4223 1171 4398; baseline 0.003 -98"><span class='ocrx_word' id='word_1_244' title='bbox 129 4233 179 4304; x_wconf 84' lang='lat' dir='ltr'><strong>lis</strong></span> <span class='ocrx_word' id='word_1_245' title='bbox 210 4231 270 4302; x_wconf 93' lang='lat' dir='ltr'><strong>uti</strong></span> <span class='ocrx_word' id='word_1_246' title='bbox 296 4229 425 4322; x_wconf 84' lang='lat' dir='ltr'><strong>possit.</strong></span> <span class='ocrx_word' id='word_1_247' title='bbox 469 4226 571 4316; x_wconf 78' lang='lat' dir='ltr'><strong>Quis</strong></span> <span class='ocrx_word' id='word_1_248' title='bbox 608 4231 742 4295; x_wconf 83' lang='lat' dir='ltr'><strong>eutem</strong></span> <span class='ocrx_word' id='word_1_249' title='bbox 776 4229 945 4398; x_wconf 48' lang='lat' dir='ltr'><strong>system</strong></span> <span class='ocrx_word' id='word_1_250' title='bbox 987 4223 1171 4303; x_wconf 77' lang='lat' dir='ltr'><strong>nerveunt</strong></span> 
     </span>
     <span class='ocr_line' id='line_1_38' title="bbox 965 4349 985 4402; baseline 0 0"><span class='ocrx_word' id='word_1_251' title='bbox 965 4349 985 4402; x_wconf 84' lang='lat' dir='ltr'><strong>e</strong></span> 
     </span>
    </p>
   </div>
   <div class='ocr_carea' id='block_1_11' title="bbox 0 0 1476 4998">
    <p class='ocr_par' dir='ltr' id='par_1_11' title="bbox 0 0 1476 4998">
     <span class='ocr_line' id='line_1_39' title="bbox 0 0 1476 4998; baseline 0 0"><span class='ocrx_word' id='word_1_252' title='bbox 0 0 1476 4998; x_wconf 95' lang='lat' dir='ltr'><strong> </strong></span> 
     </span>
    </p>
   </div>
  </div>
 </body>
</html>
