2904 5002
182 399 465 484 snor.1v.Da
490 399 1087 477 scurro.1.oaolirsaon1ros.
1118 421 1184 496 40⁷

135 575 181 619 as
207 553 400 656 diameter
422 555 576 626 teneat,
614 553 653 614 at
671 549 767 616 solet
793 564 935 629 rit-ao
957 555 1080 622 lineae
1103 559 1191 624 lon

134 670 212 740 gur
240 675 334 720 esse.
376 655 611 748 ‘lortlrosum
634 659 771 718 autem
784 653 905 720 habat
921 675 1094 740 cursum
1117 663 1195 729 ini·

137 759 200 824 tio
223 737 440 824 introrsum
473 761 513 821 ct
538 774 679 838 parum
713 760 930 822 antrorsum
960 759 1194 846 inclinatur,

133 879 227 927 mox
256 881 345 926 vero
371 861 528 948 oblique
561 855 784 934 adscendit,
814 863 898 924 tum
929 859 1124 934 descendit
1154 876 1193 935 et

132 989 278 1056 parum
300 973 508 1049 curvatur,
530 965 865 1064 deniquaoblique
883 973 1191 1072 terminaturi).

131 1075 178 1141 ln
200 1074 308 1144 ioatu
329 1080 367 1139 et
402 1069 594 1138 teneriore
620 1069 772 1136 infante
793 1081 943 1140 meatus
975 1075 1191 1146 auditorius
1250 1109 1255 1121 =

80 1183 85 1194 '
133 1185 244 1248 totus
264 1177 391 1252 mollis
414 1181 492 1253 est,
520 1175 796 1261 cartilaginem
816 1181 1191 1263 etmembranacaus5

135 1285 181 1350 in
207 1281 344 1352 adulto
364 1279 454 1347 v'ero
485 1277 645 1346 homine
670 1281 838 1346 interior
868 1301 956 1366 pare
986 1269 1043 1348 est
1062 1305 1191 1366 ossea,

139 1385 324 1468 exterior,
339 1391 378 1452 at
391 1404 563 1452 connexa
584 1403 669 1449 cum
690 1385 793 1450 auris
815 1387 972 1472 concha,
992 1389 1191 1476 cartilagi-

137 1511 215 1563 nea
236 1497 275 1556 at
293 1487 739 1564 membranacea-Fortia
761 1508 867 1554 ossea
886 1491 1047 1558 inferius
1069 1503 1107 1559 at
1124 1503 1191 1562 atr·

135 1597 261 1667 tarius
279 1599 389 1684 parts
419 1599 574 1678 petrosa
599 1591 690 1656 ossis
722 1597 963 1677 temporum,
996 1599 1187 1680 posterius

133 1703 251 1792 parte
274 1695 513 1773 mastoidea,
536 1701 575 1761 at
587 1693 761 1781 superruo
774 1715 975 1784 squamosa
985 1701 1188 1772 formatur

135 1801 251 1890 Apud
271 1801 416 1868 foetum
439 1821 499 1868 an
513 1821 537 1866 n
548 1822 572 1865 u
586 1803 613 1866 l·
608 1821 669 1866 us
688 1802 826 1867 saltem
840 1799 946 1867 adest
960 1823 1087 1870 osseus
1102 1827 1190 1877 ova·

139 1906 191 1974 lis
212 1913 251 1972 st
268 1887 458 1970 hactenus
483 1902 685 1992 obliquus,
717 1909 761 1968 ut
778 1909 887 1993 parta
913 1909 1107 1993 superiore
1127 1933 1189 1976 ax·

138 2017 316 2088 trorum,
346 2017 462 2094 atque
485 2007 668 2072 inferiore
689 2006 901 2084 introrsum
916 2016 1073 2093 spectet,
1117 2015 1190 2078 Ha·

136 2113 241 2188 bet
229 2135 262 2180 rs
281 2109 477 2177 annulus
465 2129 508 2174 rn
537 2115 646 2195 parta
682 2111 881 2192 superiore
910 2112 1066 2199 aliquod
1094 2113 1191 2188 deli

135 2219 301 2306 quium,
324 2219 381 2279 ut
388 2213 483 2280 atloo
500 2213 748 2298 imperfectus
772 2209 845 2286 sit,
870 2213 1043 2296 margine
1057 2225 1188 2294 autem

135 2321 330 2388 interiore
348 2321 497 2387 sulcum
515 2315 754 2418 insculptum
766 2313 886 2395 gerit,
910 2315 976 2400 qui
996 2321 1190 2386 membra·

11 2443 14 2454 .
135 2447 229 2496 „am
257 2420 438 2510 tympani
458 2397 597 2504 recipit'
616 2419 676 2503 lc),
723 2417 937 2496 Constituit
960 2419 1078 2500 initio
1102 2426 1192 2491 ossi·

139 2533 275 2598 culum
296 2521 547 2602 distinctum,
581 2519 680 2604 quod
705 2541 726 2584 a
746 2518 904 2612 reliquis
928 2523 1020 2586 ossis
1049 2527 1193 2605 petrosi
1237 2513 1245 2550 '

135 2633 323 2724 partibus
340 2627 454 2701 facila
475 2623 647 2708 separari
665 2629 816 2710 potest3
839 2631 964 2690 aetate
985 2633 1139 2694 autam
1128 2651 1192 2698 sn.

141 2741 338 2809 crescente
370 2729 552 2798 coalescit
576 2727 754 2812 penitus,
795 2735 832 2792 et
853 2729 1118 2814 producuntur
1138 2735 1193 2798 si·

88 2913 90 2920 ,
138 2843 222 2913 mul
249 2857 295 2903 ex
319 2857 362 2901 co
397 2837 699 2917 osseaspartas,
733 2831 875 2924 quibus
903 2831 1008 2900 dicta
1039 2841 1191 2920 meatui⁸
1250 2825 1257 2840 ,

120 3005 126 3018 „
141 2939 332 3016 auditorii
356 2957 464 3008 ossea
479 2935 607 3024 portio
621 2937 829 3020 formatur,

153 3131 161 3150 =
220 3105 312 3171 Pars
327 3099 457 3168 mollis
475 3103 624 3166 meatus
637 3097 798 3167 acustici
821 3117 906 3165 cum
921 3119 1028 3168 ossea
1048 3121 1119 3189 ope
1134 3111 1193 3172 te·
1261 3163 1264 3174 r
1287 3185 1292 3198 ἡ

140 3208 202 3276 lae
232 3203 435 3272 callulosas
459 3201 596 3269 firmae
615 3203 807 3269 cohaeret.
824 3201 1192 3295 Intimalruiuepare

142 3314 193 3380 tis
217 3309 366 3397 portio,
395 3307 572 3392 superior
596 3311 634 3371 et
656 3307 849 3391 posterior
873 3325 976 3380 mars
996 3315 1189 3380 membra-r

139 3435 261 3484 necea
282 3419 360 3489 est,
394 3419 497 3492 cute,
531 3429 627 3496 quae
650 3412 1084 3499 meatumingreclltur‚
1111 3421 1190 3484 fors
1226 3405 1228 3412 ’

49 3563 54 3574 .
142 3521 263 3580 mala.
307 3513 468 3582 Inferior
497 3510 587 3580 varo
609 3521 697 3596 pa'rs
717 3513 843 3580 tribus
873 3517 1189 3603 cartilaginibus,

141 3623 231 3682 outa
255 3617 433 3683 connexis
453 3621 491 3682 et
508 3616 722 3681 mobilibus
741 3616 1001 3688 constituitur.
1024 3621 1108 3686 Una
1122 3623 1190 3687 ha·

141 3735 230 3784 rum
246 3719 516 3803 cartilaginum
531 3739 549 3781 s
563 3726 676 3806 trago
696 3720 877 3802 nascitur,
909 3723 1033 3789 altera
1059 3745 1078 3788 e
1097 3745 1189 3794 cone

10 3845 19 3872 r
71 3833 76 3848 '
141 3821 228 3896 chel,
241 3826 278 3885 et
288 3821 418 3898 tertia,
431 3833 527 3908 qsrae
540 3819 702 3887 inferior
714 3829 771 3888 est
781 3823 1189 3911 etblsurcata„ipsam2
1373 3918 1377 3927 ἱ

143 3945 215 4014 que
240 3925 425 4012 tympani
446 3923 709 3991 membranam
730 3927 809 3994 lere
841 3927 1054 4013 contingit,
1088 3951 1191 3998 com·
1274 4001 1283 4014 ,

141 4049 299 4098 munem
328 4029 588 4122 habetortum
608 4049 627 4094 a
647 4035 758 4117 trago
782 4037 820 4096 et
842 4034 1002 4098 concha·
1041 4035 1186 4114 Trans*

140 4143 234 4202 eunt
266 4135 387 4201 fibrae
407 4136 641 4200 muscularas
672 4135 841 4202 emadia
871 4137 1101 4224 cartilagine
1135 4141 1186 4208 ad

142 4241 313 4328 tertiam,
332 4242 543 4311 formantes
560 4241 778 4360 musculum
803 4241 994 4318 incisurae
1015 4244 1186 4338 majoris,

1355 2445 1366 2488 l
