2898 4996
142 365 261 430 saer.
283 357 328 428 11.
351 363 410 428 Da
431 359 690 438 srsrsusrrs
709 369 835 443 ¹nitar.
855 373 1043 430 osrscrrs.
1086 377 1146 436 eor
1226 427 1250 454 ‚„

566 569 697 651 §··4⁶s
746 537 753 548 ¹

136 757 303 824 Nervi
333 761 517 844 utpote
555 755 895 832 efficientiae
932 755 1122 822 vitalia

354 869 357 876 ’
457 858 814 927 conductores.

186 1049 285 1111 Eam
307 1047 427 1112 inesse
447 1047 576 1112 nervis
603 1049 841 1130 peculiarem
864 1045 1009 1114 virium
1032 1047 1154 1112 infor·
1178 1094 1189 1126 s

106 1154 355 1227 mationem,
394 1171 467 1238 qua
504 1153 775 1237 impressiones
805 1156 933 1219 varies
965 1151 1154 1236 recipere,

103 1275 263 1318 summa
287 1275 370 1319 cum
392 1255 600 1319 velocitate
633 1257 681 1319 ad
709 1256 930 1331 cerebrum,
967 1259 1156 1341 tanquam

104 1357 329 1422 censorium
352 1377 555 1422 commune
573 1360 631 1439 (i.
650 1361 758 1441 459.)
779 1378 1016 1444 propagare,
1039 1365 1155 1445 atqua

104 1461 212 1524 inibi
224 1461 461 1524 sensationes
474 1462 657 1525 suscitare
669 1462 998 1547 valent‚superius
1013 1459 1065 1542 (t.
1079 1461 1153 1544 84.)

105 1563 185 1648 jam
203 1557 388 1628 diximus.
410 1565 505 1627 Solis
519 1570 647 1630 autem
661 1566 788 1628 nervis
800 1555 900 1628 hant
922 1563 1046 1631 inesse
1060 1569 1153 1639 vim,

105 1687 231 1752 quam
252 1665 550 1732 sensibilitatem
563 1665 741 1744 dicimus,
763 1672 964 1752 sequentes
986 1685 1158 1750 compro·

105 1771 207 1835 bant
236 1765 535 1836 observationes.
579 1771 732 1836 Etenim
760 1773 896 1852 nervi,
934 1789 1188 1858 quocunque·

107 1873 272 1936 demum
302 1871 464 1938 stimulo
494 1873 686 1949 lacessiti,
714 1895 867 1940 sensum
896 1877 1086 1954 suscitant
1116 1893 1160 1939 ac

112 1977 292 2042 dolorem
315 1979 492 2052 demum,
522 1979 556 2042 si
578 1977 718 2044 horum
740 1979 799 2044 vis
823 1979 993 2064 positiva
1015 1986 1083 2043 aut
1102 1999 1160 2043 re·

109 2081 241 2146 lativa
265 2080 324 2159 (5.
346 2079 432 2163 71.)
447 2080 570 2145 nimia
587 2073 780 2166 fuerittls
802 2087 934 2166 partas
964 2085 1043 2164 eae,
1062 2101 1162 2169 quae

107 2178 292 2264 pluribus
313 2181 572 2248 informentur
592 2176 729 2262 nervis,
741 2183 989 2250 intensiorem
1005 2183 1047 2248 in
1067 2206 1161 2250 sano

110 2289 147 2347 et
169 2289 399 2364 aegrotante
421 2291 525 2350 stetu
548 2287 891 2376 bribantensem,
924 2305 1039 2366 quam
1065 2287 1161 2351 illae

111 2387 478 2471 quibusnsrvisunt
499 2391 698 2473 pauciores
711 2411 721 2452 s
734 2388 1039 2473 'illaedeniq'um
1063 2408 1161 2475 quae
1284 2404 1289 2413 ’

107 2493 254 2558 nullos
250 2495 373 2578 plina
393 2515 525 2562 nervos
546 2496 691 2561 habere
708 2479 916 2572 videntur,
946 2500 1049 2576 ossa,
1079 2504 1162 2560 ten

111 2594 238 2672 dines,
255 2598 500 2662 membranae
512 2598 677 2662 fibrosae
693 2601 761 2660 e'tc.
765 2599 911 2680 ,utper
923 2598 1163 2724 experimen

114 2705 156 2763 te
177 2699 354 2766 innotuit
374 2681 493 2783 ⁸⁴),
482 2719 523 2764 sn
541 2698 708 2765 normali
727 2697 864 2764 saltem
883 2703 1011 2781 statu,
1031 2677 1165 2766 sensi-

116 2800 220 2866 biles
242 2822 320 2866 non
341 2807 444 2872 sunt.
485 2801 642 2866 Accedit
656 2802 718 2872 lue
728 2800 947 2866 observatio
958 2802 1166 2870 notissima

118 2913 157 2972 et
192 2909 344 2990 saepius
369 2907 447 2990 ism
483 2912 809 2980 commemorata,
847 2911 978 2990 partes
1008 2907 1163 2992 quasvis
1204 2981 1207 2992 ¹

117 3012 424 3079 sensibilitatem
443 3017 482 3078 at
502 3015 630 3076 motus
655 3011 859 3077 arbitrium
881 3012 1063 3095 perdere,
1093 3011 1164 3076 ubi
1267 3053 1269 3062 ,

112 3117 223 3184 nervi
242 3133 374 3180 aarum
391 3114 721 3200 comprimuntur,
741 3113 899 3184 vinculo
910 3117 1156 3200 stringuntur
1226 3133 1230 3151 ‘

110 3227 189 3286 aut
211 3215 494 3286 rescinduntur.

148 3420 153 3432 .
212 3377 305 3447 Cum
327 3403 418 3448 vero
442 3381 539 3460 alii,
562 3389 598 3448 et
628 3382 783 3472 quidem
801 3385 879 3450 fide
903 3384 1012 3471 digni
1032 3385 1157 3457 obsers

119 3489 269 3572 ratores
283 3484 561 3567 advertissent,
582 3487 695 3552 laesis
706 3489 931 3555 tandinibus
943 3496 981 3554 et
992 3509 1160 3579 apertep-

115 3589 287 3671 rosibus,
310 3588 521 3664 doloresat
547 3593 682 3678 grauia
703 3599 965 3680 symptomata
987 3595 1162 3678 suptrva-
1253 3645 1255 3652 ,

117 3691 219 3756 nisse
255 3695 337 3778 a),'
360 3696 499 3759 Damas
528 3716 650 3780 nuper
680 3696 838 3777 intulit,
869 3697 1167 3772 sensibilitatem
1279 3696 1281 3701 ’

118 3809 363 3880 naquaquam
390 3799 483 3884 solis
511 3802 639 3863 nervis
671 3821 749 3874 esse
779 3798 1000 3882 alligatam,
1034 3820 1168 3869 verum
1227 3851 1232 3862 .

117 3899 230 3960 certis
250 3897 318 3962 sub
343 3898 655 3966 circumstantiis
678 3903 726 3969 ad
746 3891 874 3987 partes
899 3903 1164 3986 possetrensi-

112 4013 173 4074 rs,
204 4000 322 4064 nullis
341 4008 453 4084 plane
474 4006 602 4070 nervis
615 4005 823 4072 instructas
843 4007 902 4095 b).
924 4009 997 4070 Eae
1011 4015 1150 4084 'tamen

116 4105 399 4172 observationes
419 4109 642 4174 nullatenus
677 4111 903 4191 ostendunt,
926 4102 1165 4184 sensibilita-
1236 4167 1238 4172 ,

121 4213 199 4290 ism
221 4219 376 4298 praeter
409 4230 550 4278 nervos
578 4213 675 4280 elias
698 4213 869 4282 incolere
889 4221 1031 4300 partes.
1073 4215 1167 4288 Vas·
1192 4293 1201 4310 ¹
