2888 4994
382 414 490 482 seer.
506 411 554 481 li.
572 411 630 478 De
652 421 840 494 sopussr.
1118 423 1161 496 ⁹3

195 557 229 622 R
249 553 524 644 promiturors
540 561 695 638 spes-to,
715 549 1014 637 linguosi-odies
1027 555 1161 639 stepi-

112 681 155 726 oe
177 655 311 744 peleto
332 658 524 733 admotis,
544 676 588 721 ec
608 661 696 722 sire
712 675 781 742 per
800 657 1063 740 angustiorem
1081 677 1162 722 me-

112 769 224 827 atum
245 762 455 846 propulso,
487 779 562 848 quo
585 759 743 846 linguas
764 779 859 846 apex
882 759 924 824 in
946 762 1163 828 tremulum

112 865 450 950 poniturmotum.
494 863 604 940 iusto
625 865 809 948 maiorem
837 861 1022 950 nonnulli
1044 863 1164 930 edunt

115 973 159 1036 in
184 953 768 1054 pronunciandorstrepitum,
805 965 872 1051 qui
893 964 972 1029 veli
991 965 1163 1049 paletini
1201 958 1204 972 ’

115 1087 156 1142 st
176 1077 319 1144 radicis
339 1079 499 1161 linguse
521 1071 709 1139 excitetur
732 1079 913 1141 tremore.
948 1075 1047 1161 Quia
1070 1096 1163 1141 vero

115 1183 233 1246 litere
255 1183 351 1248 hoec
379 1179 578 1244 fortiorem
601 1184 640 1240 st
660 1177 848 1242 iteratum
875 1179 1042 1265 requirit
1062 1179 1165 1244 uiris

114 1295 351 1364 tremorem,
371 1289 482 1349 tense
494 1276 705 1347 admodum
718 1286 756 1346 et
766 1281 927 1350 robuste
937 1284 1072 1370 lingue
1086 1303 1165 1351 sus·

113 1392 336 1478 sitentium,
357 1386 629 1473 pronunciatio
649 1384 1074 1471 eiusdifficfflimsest‚
1090 1409 1165 1458 un·

114 1496 159 1560 de
171 1491 498 1560 inientesterdius
513 1510 592 1556 non
604 1489 680 1556 nisi
694 1478 779 1556 e'ern
793 1489 904 1556 edere
922 1493 1165 1574 condiscunt,
1239 1484 1243 1496 ’
1264 1559 1268 1580 ,

116 1599 198 1662 imo
225 1602 314 1661 eunt
332 1594 510 1661 homines
530 1613 610 1660 non
621 1592 760 1678 peuri,
783 1592 851 1680 qui
864 1611 949 1658 earn
961 1614 1162 1684 nunquam

117 1701 249 1766 debite
273 1699 478 1764 enunciare
498 1703 682 1782 possunt,
715 1696 826 1780 eique
842 1693 925 1781 jem
945 1697 983 1774 Ι,
1013 1695 1091 1780 iem
1108 1724 1162 1782 w,

116 1809 219 1871 seut
243 1803 267 1866 t
289 1801 541 1875 substituunt.

205 1948 231 2012 S
253 1945 331 2030 (ει
354 1947 476 2033 Hung.
496 1969 533 2012 ss
553 1953 593 2013 st
616 1966 637 2038 g
657 1927 843 2037 Ge'llor.)
866 1971 1075 2020 consonans
1107 1959 1165 2019 est
1262 1903 1265 1910 Ι

121 2049 241 2118 sibilo
261 2047 462 2133 producte.
503 2051 553 2116 Ut
571 2050 1048 2138 literehsscproserstur,
1070 2075 1165 2140 opus

1 2205 2 2214 ,
125 2161 185 2221 est
206 2155 324 2221 labiis
334 2151 512 2233 diductis,
535 2159 576 2218 et
592 2153 771 2224 dentibus
785 2157 959 2224 inuisivis
977 2157 1053 2224 sibi
1074 2177 1164 2241 pro·

1 2263 2 2278 ¹
115 2258 204 2342 pius
218 2255 407 2334 admotis,
425 2256 585 2342 ipseque
607 2257 741 2343 lingue
754 2257 941 2327 hactenus
965 2267 1156 2336 retrsets,

1 2451 2 2455 Ἰ
114 2364 162 2428 ut
180 2361 306 2426 lutere
325 2358 405 2442 ejus
425 2355 641 2438 inferiores,
665 2367 703 2424 et
722 2379 819 2444 sper
840 2363 1057 2446 superiores
1075 2361 1157 2427 fers

119 2467 286 2550 tangent
296 2460 453 2540 dentes,
475 2464 615 2549 a‘e‘rque
635 2459 886 2531 intrudentes
912 2465 1165 2552 propellatur.

1 2559 2 2576 ³
121 2570 161 2634 Si
180 2568 300 2652 igitur
321 2567 452 2632 dentes
472 2566 632 2633 inuisivi
646 2573 712 2633 sut
730 2567 888 2654 linguae
906 2587 1004 2652 spsx
1022 2567 1168 2632 defece-

119 2675 247 2752 rint,s
260 2691 346 2736 cum
358 2659 480 2737 sibilo'
490 2671 642 2755 ingrato
657 2671 898 2752 enuntietur.
908 2693 952 2722 ⁶·-
961 2669 1026 2734 eicis
1037 2671 1166 2736 Germ.

1 2763 2 2834 t
122 2797 190 2843 seu
210 2775 391 2858 sHung.‚
426 2771 529 2860 quod¹
557 2772 661 2838 Gelli
679 2792 747 2856 per
767 2773 810 2836 elr
830 2769 1077 2854 exprimunt,
1104 2795 1167 2838 eo·

123 2877 211 2942 dem
231 2875 521 2963 quidemmodo
550 2881 593 2939 ut
610 2898 629 2939 s
647 2875 820 2960 gignitur
831 2894 844 2954 ς
864 2872 1020 2959 linguae
1033 2880 1168 2944 temen

123 2999 218 3064 apex
240 2978 357 3043 altius
378 2983 481 3043 rotro
505 2977 636 3043 dentes
660 2975 845 3042 incisivos
858 2974 1084 3060 superiores,
1101 2963 1173 3042 ed(
1277 2995 1286 3004 ·

122 3085 298 3166 tollitur,
329 3089 367 3147 et
387 3082 453 3146 e‘e'r
476 3065 620 3166 nrejore
639 3101 724 3147 cum
742 3079 834 3146 nixu
847 3083 1020 3170 explosus
1039 3086 1169 3150 inten·
1260 3161 1263 3172 ¹

124 3189 269 3256 siorem
290 3186 455 3254 suscitet
476 3185 649 3253 sibilum.
670 3220 713 3238 -
734 3185 963 3253 Emollitum
992 3211 1012 3252 s
1039 3189 1167 3272 Hung.

126 3298 185 3357 est
205 3314 244 3356 ss
254 3333 267 3368 ,
285 3289 339 3356 sic
358 3309 497 3356 senens
512 3293 581 3366 ,u't
597 3289 761 3368 (telluri
777 3294 845 3354 eut
863 3288 916 3376 g(
932 3291 1031 3375 jour,
1042 3289 1167 3376 genie,

120 3396 277 3482 gilot),
299 3394 406 3476 epioe
424 3393 581 3476 liuguae
597 3379 776 3458 dentibus
800 3392 976 3460 ineisivis
997 3395 1169 3480 superio·

125 3501 234 3566 ribus
253 3495 392 3562 leviter
413 3487 882 3573 stmot0,1sbiisminus
913 3497 1102 3584 diductis,
1132 3507 1171 3566 et:

126 3603 274 3669 leniore
299 3600 414 3667 sibilo
437 3602 645 3685 prolatum.

214 3745 263 3807 W
280 3741 408 3806 Germ.
426 3739 478 3828 (v
497 3741 637 3817 Gallos.
658 3743 791 3810 Italos.
812 3743 1017 3832 etHung)
1046 3746 1171 3815 lehis-

129 3843 178 3911 iis
208 3849 269 3909 est
289 3844 460 3921 rosulis,
498 3843 727 3911 enuntietur
758 3863 844 3909 curn
865 3845 972 3912 labie
992 3849 1099 3932 prius
1123 3851 1171 3919 ed

127 3947 340 4016 rotundum
360 3965 479 4036 usque
493 3948 635 4015 rimem
647 3954 861 4025 contracte,
882 3967 925 4014 ec
943 3948 1098 4018 demum
1113 3955 1172 4019 di·

131 4057 273 4132 ducto,
300 4055 454 4132 utrem,
485 4073 571 4119 cum
590 4055 632 4120 vi
653 4054 782 4142 eliqua
802 4055 1054 4162 propulsum,
1078 4079 1196 4124 ven·

131 4159 211 4224 tuli
229 4159 355 4227 instar
376 4155 479 4224 ele-bi
500 4159 646 4224 sinunt.
