2910 4996
239 341 293 440 '³70
375 351 458 420 Lu
478 347 574 416 ilc
578 362 640 413 ir
658 343 706 413 11
725 345 901 414 Davocr
921 357 971 414 ar
996 355 1239 431 sopores

338 491 573 587 1)Dictum'‘
563 513 643 577 1am
656 498 713 556 est
733 499 875 574 (sugo.
886 493 926 576 ),
945 493 1148 578 laryngem
1164 493 1299 558 totum

252 605 307 672 sio
330 597 517 672 mobilem
538 585 637 669 ess's,
666 599 712 658 ut
732 593 874 660 adtolli
902 600 940 658 ot
969 594 1136 678 deprimi
1156 592 1294 678 possit.

165 759 167 766 ,
251 711 419 773 Ascensu
441 702 519 787 ejus
538 706 577 763 et
597 697 780 762 descensu
806 717 936 772 uocem
956 704 1109 762 acutam
1128 696 1238 762 reddi
1260 699 1302 760 et

134 819 139 826 “
251 828 434 894 gravem,
461 803 593 870 videre
616 801 744 887 quivis
766 805 915 882 potest,
948 805 1018 864 eut
1029 800 1153 882 digito
1171 797 1304 864 admo·

250 921 292 980 to
311 921 489 994 tangere;
522 904 710 970 cernimus
730 904 851 968 etiam
873 909 1117 978 cantatores,
1152 900 1219 987 qui
1238 897 1303 965 vel

252 1013 492 1082 acutissimos
510 1007 621 1073 edere
634 999 694 1072 vel
712 1003 961 1090 gravissimos
974 1026 1085 1070 sonos
1098 1006 1304 1082 conantur,

253 1139 341 1188 oum
363 1117 403 1182 vi
428 1115 562 1200 eliqua
579 1111 722 1176 collum
747 1107 901 1172 elevare
924 1114 963 1172 et
983 1113 1195 1196 retrorsum
1219 1111 1305 1171 tra-

255 1225 372 1308 here,
390 1217 454 1284 vel
474 1221 656 1297 mentum,
673 1217 801 1278 sterno
822 1213 901 1277 fere
914 1211 1150 1295 adprimere,
1173 1213 1307 1300 sicque
1404 1287 1412 1298 ⁸

254 1323 459 1392 detrudere
481 1320 712 1408 laryngem.
720 1315 800 1378 Hoc
818 1320 950 1378 autem
970 1319 1078 1382 motu
1091 1315 1307 1400 voxdupli·

258 1431 309 1496 ci
317 1425 434 1492 facile
446 1427 621 1488 mutatur
640 1418 813 1484 ratione.
836 1437 921 1484 cum
935 1421 1074 1503 larynx
1088 1411 1307 1502 adtollitur,
1379 1467 1384 1486 .

36 1511 42 1518 ⁰
120 1558 129 1578 ν
259 1547 472 1612 caveaejus
487 1515 1118 1606 arctatur,etr1maglott1d1cavo
1131 1544 1310 1608 orrspro

140 1635 144 1642 “
257 1638 349 1724 pior
365 1628 564 1702 redditur,
585 1623 685 1688 unde
697 1621 797 1686 aeris
815 1623 996 1691 columne
1006 1626 1160 1692 tenuior
1173 1611 1310 1693 etin·
1314 1695 1319 1703 ,

259 1741 350 1804 vior
372 1735 442 1817 fit,
463 1734 667 1815 pluresque
690 1723 955 1793 oscillationes
968 1729 1075 1794 intra
1088 1729 1200 1797 idem
1206 1735 1307 1796 tem-

164 1913 171 1930 .
258 1861 331 1928 pus
351 1827 527 1928 peragit,
552 1839 589 1896 et
608 1830 1061 1898 tonusaoutusefficitur
1105 1836 1310 1928 contraria

179 2003 184 2014 ,
260 1947 327 2014 his
346 1941 584 2022 contingunt
604 1939 765 2020 larynge
793 1929 980 2016 depresso.
1034 1939 1191 2022 Reperit
1212 1961 1310 2006 vero

213 2032 216 2040 ’
263 2051 437 2119 Doosar
451 2088 464 2122 ,
496 2045 700 2126 laryngem
724 2037 816 2122 poll.
833 2039 888 2124 iss
910 2036 1047 2103 adtolli
1068 2040 1313 2126 veldeprimi

263 2152 404 2220 dehere
416 2192 427 2227 ,
459 2153 502 2212 ut
523 2151 638 2208 tonus
655 2140 792 2205 edatur
811 2160 890 2206 una
914 2148 1050 2208 octava
1072 2146 1220 2210 acutior
1241 2150 1312 2210 aut

217 2263 220 2270 “
250 2251 438 2340 gravior,
464 2235 580 2334 idque
600 2243 793 2330 organon,
799 2234 1010 2310 adscensu
1030 2252 1253 2331 computato
1272 2252 1313 2312 ot

266 2349 717 2430 descensu‚'1nhomine
741 2346 790 2412 ad
808 2350 903 2474 poll.
923 2365 937 2412 ι
972 2369 1054 2420 esso
1077 2349 1290 2436 mobiles).

346 2523 389 2606 o)
417 2473 674 2584 Advertsrunt
691 2521 839 2582 veteres
852 2515 998 2583 dudum
1009 2516 1239 2607 scriptores,
1258 2515 1315 2582 ri·-

270 2644 338 2692 ma
359 2621 538 2734 glottidis
562 2625 714 2686 arctata
743 2639 876 2686 vocem
903 2626 1081 2698 acutam,
1110 2625 1227 2705 atque
1256 2618 1317 2685 di·

265 2733 391 2800 latata
421 2725 576 2814 gravem
602 2724 791 2811 produci,
819 2725 921 2841 quod
959 2725 1115 2812 quidem
1147 2727 1316 2808 Duum

225 2871 231 2880 ·
267 2854 340 2923 pro
362 2832 481 2896 unica
501 2833 584 2896 fere
615 2828 830 2898 declaravit
863 2848 977 2896 causa
991 2875 1003 2912 ,
1032 2847 1108 2914 qua
1132 2850 1319 2900 sonorum

267 2932 735 3026 ponaturdiffere'ntiah)
758 2933 1020 3000 confirmatur
1032 2933 1318 3002 idrustrumeu

272 3050 404 3108 torum
421 3084 432 3118 ,
451 3037 570 3102 flatili
590 3043 683 3103 tono
702 3038 970 3102 resonantium
995 3040 1193 3126 exemplo,
1217 3041 1321 3106 viro-

170 3157 173 3171 *
270 3166 359 3213 rum
382 3150 419 3208 et
441 3143 660 3206 belluarum
681 3141 924 3225 rudentium,
946 3141 1136 3226 ampliore
1156 3131 1319 3230 laryngs

273 3249 555 3314 instructorum
575 3231 708 3329 gravi.
741 3251 780 3310 et
795 3265 1025 3328 puerorum,
1057 3249 1322 3317 eunuchorum

276 3371 320 3418 ac
346 3349 583 3416 seminarum
606 3357 721 3416 acuta
750 3369 864 3432 voce;
895 3353 1020 3432 maior
1044 3353 1162 3438 etiam
1182 3353 1321 3438 ampli·
1355 3387 1357 3394 ·

277 3456 372 3525 tudo
396 3455 594 3538 laryngis,
619 3474 735 3541 quam
759 3456 1018 3524 adolescentes
1042 3459 1325 3544 adipiscuntur,

206 3553 208 3562 ‘
277 3578 436 3650 gravem
458 3557 587 3622 reddit
614 3559 832 3643 pubertatis
842 3566 1020 3644 'tempore
1040 3582 1196 3640 vocem,
1229 3563 1323 3632 licet

248 3673 254 3690 ·
278 3669 318 3730 at
342 3662 546 3742 peculiaris
565 3663 738 3746 partium
768 3664 1003 3746 genitalium
1025 3685 1120 3732 cum
1138 3646 1244 3734 vocis
1262 3689 1324 3746 or-

279 3787 381 3855 gano
410 3765 689 3850 biodynamica
708 3768 839 3851 vigeat
861 3768 1100 3856 sympathia.
1142 3774 1326 3840 Arctatur

280 3881 409 3943 autem
433 3871 609 3952 rlottidis
631 3875 733 3938 rima
752 3893 903 3940 sursum
922 3881 1050 3942 tracto
1073 3879 1254 3964 laryngs,
1272 3877 1327 3942 si-

193 3988 198 3996 ’
280 3977 436 4066 quidem
457 3978 993 4064 tunccartilagothyreoidea
1006 3977 1223 4050 antrorsum
1234 4005 1326 4068 prn-

276 4076 473 4168 pellatur,
502 4103 575 4170 quo
599 4085 897 4168 arytaenoideae
910 4084 957 4152 ad
977 4088 1197 4154 seinvicem
1213 4091 1324 4160 ades·

277 4177 391 4262 duna
430 4187 615 4277 Depresso
634 4209 725 4260 vero
749 4194 910 4282 lerynge
933 4195 1123 4284 cartilago
1145 4196 1322 4286 thyresi-

684 4463 694 4497 Ι
755 4493 758 4498 .
