2888 4994
142 427 147 430 ·
269 429 313 496 84
360 469 362 475 .
397 413 482 526 irs.
501 413 548 482 11.
569 413 663 480 css.
683 407 728 476 11.
747 409 805 476 Du
828 419 930 474 voce
953 421 1002 474 er
1028 380 1216 492 coquens.

60 601 61 609 ,
129 589 146 610 ..
262 567 422 636 dubiam
433 557 669 646 prosodiam,
692 545 899 640 rhythmos
916 551 1011 617 adeo
1021 553 1136 618 facile
1158 552 1311 636 recipit,

267 681 312 740 ut
324 694 367 736 ea
381 667 615 752 spiritumet
632 657 887 737 amoenitates
897 654 1070 740 politicas
1084 657 1317 722 Graecorum

264 779 605 853 Romanorumque
627 760 801 830 omnium
823 760 970 847 optime
990 756 1149 846 adsequi
1162 764 1200 824 et
1222 759 1317 827 imi-

159 933 162 946 s
246 875 344 984 ‘xtari
365 875 551 956 liceatc).

361 997 408 1086 ss
424 1021 552 1080 autem
574 1008 623 1072 ad
646 1025 783 1079 sonos,
807 1001 944 1088 quibus
963 1002 1050 1086 ipsa
1070 1007 1228 1067 resonat
1241 1019 1311 1065 na·

265 1121 379 1200 tur'a,
415 1117 591 1199 animum
627 1107 888 1183 advertimus,
927 1111 1012 1170 tum
1045 1102 1318 1214 comperimus,

168 1267 169 1272 κ
247 1226 429 1304 ‚eandem
444 1213 643 1286 vocalibus
667 1209 872 1295 praecipue
888 1211 926 1272 et
944 1200 1167 1294 monosodis
1190 1208 1317 1290 pluri-

266 1349 376 1397 mum
399 1342 535 1391 sonare
554 1319 675 1386 tonis
718 1317 832 1378 Exeo
852 1311 974 1396 igitur
998 1313 1084 1386 est,
1109 1308 1209 1396 quod
1232 1311 1311 1372 lin

267 1453 364 1520 guae
385 1424 613 1511 primitivae
634 1417 836 1484 vocalibus
867 1414 1085 1498 plurimum
1114 1411 1314 1476 abundent

270 1543 307 1601 et
317 1517 788 1618 vocibusmonosyllabis‚
811 1515 981 1602 quodque
993 1517 1164 1582 infantes
1179 1521 1217 1579 et
1228 1535 1315 1578 mu-

268 1639 303 1703 ti
331 1633 532 1703 homines,
563 1632 606 1694 ut
636 1623 741 1709 loqui
771 1619 947 1698 discunt,
980 1619 1111 1684 literas
1139 1620 1314 1702 primum

272 1739 478 1808 enuncient
501 1727 663 1796 vocales.
686 1727 1068 1818 Poplulorumtamen
1082 1721 1313 1786 australium

225 1905 228 1916 ,
269 1829 421 1924 linguae
438 1831 637 1900 vocalibus
655 1827 894 1910 plurimum,
925 1829 963 1886 et
983 1803 1201 1887 borealium
1223 1841 1314 1885 con·

271 1940 499 2011 sonantibus
517 1930 718 1999 abundant
736 1925 1317 2016 d).Qu1adsmquepermultas
1374 1967 1377 1976 ι

271 2052 361 2114 sunt
382 2059 510 2108 rerum
534 2033 739 2110 notiones,
772 2049 869 2117 quae
898 2032 961 2094 vel
992 2028 1100 2092 nullo
1131 2025 1287 2090 modo
1276 2047 1321 2090 111

215 2191 219 2202 x
269 2168 380 2216 sensi.
385 2167 423 2210 m
436 2135 638 2210 incidunt,
661 2136 724 2198 vel
737 2135 875 2196 saltem
885 2130 943 2210 ite
953 2135 1200 2213 comparatae
1211 2133 1317 2205 sunt,

270 2249 315 2319 ut
332 2249 437 2316 uocis
458 2260 601 2328 organo
625 2257 687 2301 eas
709 2232 861 2299 imitari
880 2232 1100 2297 nullatenus
1119 2229 1313 2314 possimus

214 2395 217 2414 .
273 2344 622 2444 (quemadmodum
641 2340 688 2403 de
706 2335 910 2411 odoribus,
930 2333 1132 2418 saporibus
1143 2374 1156 2410 ,
1179 2331 1320 2396 colori·

270 2461 341 2528 bus
361 2461 431 2522 etc.
422 2497 457 2531 .,
489 2449 610 2533 deque
626 2441 869 2508 notionibus
868 2439 1162 2504 universalibus
1181 2444 1318 2518 tenen·
1328 2434 1335 2450 “

274 2551 365 2630 dum
383 2559 493 2642 est),
524 2569 634 2617 voces
663 2547 856 2631 plurimae
886 2562 1072 2608 consensu
1092 2547 1130 2608 et
1150 2539 1318 2605 arbitrio

242 2652 245 2664 ¹
268 2667 474 2738 hominum
484 2660 655 2723 invenus
644 2649 869 2726 debebant,
881 2665 980 2734 quae
992 2640 1240 2710 imitamenta
1251 2665 1318 2708 na

272 2777 382 2836 turae
394 2762 506 2832 nulla
522 2758 672 2824 ratione
694 2752 771 2825 dici
791 2757 976 2837 possunt3
998 2747 1078 2812 imo
1100 2748 1320 2812 advertitur

274 2880 317 2944 in
338 2870 507 2958 linguis,
532 2861 872 2941 adfinibussaepe,
896 2853 1235 2960 onomatopoe'sis
1221 2852 1318 2920 adeo

254 2975 453 3068 'neglecta
479 2971 548 3043 aut
579 2969 759 3037 mutata,
792 2964 836 3024 ut
864 2947 1130 3041 phaenomena
1151 2961 1316 3024 naturae

277 3083 392 3150 aliter
414 3074 605 3156 aliterque
626 3066 893 3150 exprimantur
915 3063 964 3150 e).

373 3236 682 3306 Summaautsm
713 3231 771 3291 est
799 3223 1084 3290 necessitas
1105 3228 1144 3286 et
1173 3221 1323 3287 utili·

276 3355 365 3412 tas
384 3329 572 3425 loquelae.
592 3331 679 3398 Solo
701 3326 805 3393 enim
828 3328 900 3393 hoc
923 3324 1162 3392 adminiculo
1183 3323 1328 3388 huma-

275 3467 372 3518 num
391 3457 506 3528 genus
530 3455 639 3504 suam
659 3431 908 3519 consequitur
931 3426 1233 3514 perlectionem
1261 3427 1327 3492 in.

276 3553 456 3619 tellectus
479 3548 518 3607 et
534 3539 636 3607 ratio
660 3535 743 3622 ipso
762 3535 834 3600 hoc
846 3537 1010 3608 naturae
1026 3530 1128 3595 dono
1141 3532 1325 3597 excolun-

278 3665 364 3731 turs
389 3656 492 3714 artes
516 3645 672 3732 quaevis
694 3649 732 3708 et
749 3639 959 3717 scientiae,
981 3642 1018 3699 et
1041 3633 1228 3722 quidquid
1249 3626 1326 3702 luo·

270 3775 344 3830 ¹mo
370 3759 411 3822 in
432 3753 491 3820 sui
510 3748 838 3819 emolumentum,
861 3759 1003 3825 proquo
1023 3739 1131 3804 vitae
1152 3757 1327 3804 commo·

281 3870 330 3934 do
349 3869 388 3929 st
409 3859 648 3926 amoenitate
674 3847 850 3925 invenit,
881 3837 1057 3912 animato
1086 3842 1122 3906 ei
1142 3842 1327 3908 debemus
1368 3827 1377 3844 ⁶

202 4049 206 4060 ¹
278 3964 448 4041 halitui,
483 3953 527 4024 a‘c
557 3953 773 4040 symbolico
802 3967 956 4028 rerum,
987 3945 1160 4012 idearum
1185 3951 1223 4008 et
1243 3963 1328 4008 sen·

280 4074 479 4142 sationum
491 4065 713 4129 nostrarum
733 4052 855 4138 signo.
900 4045 1234 4134 Quemadmodum
1252 4065 1330 4110 ser-

282 4199 346 4246 mo
369 4173 474 4241 ideas
492 4159 682 4248 giguit-in
703 4153 971 4246 audientibus,
994 4142 1328 4236 atquedistinctas

280 4293 320 4352 et
336 4283 462 4350 clarae
481 4269 688 4346 notiones,
708 4263 767 4331 ita
780 4263 822 4330 in
842 4261 1098 4348 loquenteper
1112 4272 1333 4340 sermonem
1440 4333 1441 4342 ἵ
