2898 4996
159 367 270 436 sacr.
289 365 335 432 11.
357 365 415 434 Da
432 343 682 434 suerrusrss
710 377 832 432 serv.
853 377 1042 434 osricus.
1084 381 1144 450 ¹9¹

16 569 18 576 ,
104 521 222 582 erunt
243 511 415 594 cell,viri
433 508 790 602 ³)„ettribuerunt
806 511 954 574 veteres
968 505 1045 591 jam
1058 515 1152 578 scri·

104 623 239 701 ptores
261 613 425 701 siugulis
455 613 599 678 cerebri
628 611 806 698 partibus
829 609 1044 696 singulares
1065 615 1155 681 ani·
1293 645 1296 652 ⁴

104 721 324 800 meevires,
353 718 539 787 elaeone
563 719 830 797 laesurus(
847 715 928 782 Vol.
954 718 981 780 l.
1003 736 1041 801 p.
1063 735 1115 800 71·
1129 723 1151 810 j
1177 751 1181 768 ·

16 847 17 850 ¹
109 823 309 905 olimjem
330 820 492 887 refutati
517 825 582 898 ”y-
627 819 763 884 Nostro
793 825 924 884 eutem
954 834 1047 886 aevo
1079 823 1155 891 loe.

109 929 215 994 Gaui.
242 927 460 994 doctrinam
480 924 759 1010 complurimis
784 925 893 992 auxit
921 925 1157 996 observatio·

104 1033 245 1109 nibus,
265 1033 418 1117 jamque
439 1031 479 1094 in
492 1030 728 1113 peculiarem
745 1029 894 1124 redegit
906 1027 1154 1114 disciplinam

111 1135 531 1224 (organologiam
552 1153 579 1198 s.
602 1133 810 1200 cranius
828 1131 1156 1220 copiam-'Qui-

108 1243 180 1307 bus
200 1257 288 1304 vero
307 1237 511 1324 principiis
530 1235 780 1304 eainnitatur
793 1235 970 1303 doctrine
979 1279 991 1314 ,
1012 1243 1158 1326 atquae

109 1343 189 1423 ejus
215 1343 296 1408 eint
311 1335 648 1428 praecipuaelsata
662 1384 673 1422 ,
697 1337 813 1405 modo
826 1329 958 1426 pericia
973 1339 1157 1412 dicemus'.

200 1483 239 1566 ι)
259 1481 638 1551 cerebrumantmse
658 1487 715 1547 est
733 1481 839 1549 sedes
851 1527 864 1566 ‚
887 1488 926 1550 et
947 1483 1152 1551 constitui·
1199 1563 1205 1572 .

109 1595 174 1654 tur
194 1606 427 1676 organorum
444 1587 565 1661 serie,
598 1605 695 1674 quae
715 1587 910 1674 physicis,
940 1588 1155 1669 moralibus

111 1700 150 1757 et
168 1689 497 1757 intellectualibus
521 1687 752 1774 respondent
772 1691 1043 1758 facultatibus.
1087 1693 1156 1760 Per

112 1789 312 1860 cerebrum
333 1795 465 1860 anima
486 1812 573 1859 cum
592 1813 750 1880 corpore
769 1791 964 1887 iuppiter,
989 1800 1026 1860 et
1042 1792 1160 1879 perii·
1237 1795 1245 1811 ‘
1283 1823 1287 1832 =

112 1897 168 1964 cit
203 1897 336 1964 eadem
366 1915 498 1963 omnes
520 1893 735 1963 functiones
757 1915 825 1982 per
849 1915 1018 1984 organon
1042 1896 1158 1965 idem.

110 1999 206 2068 lude
221 1993 340 2085 igitur
359 2005 415 2067 est
424 2042 435 2078 ,
454 1999 551 2088 quod
570 1999 852 2066 intellectuales
865 2007 902 2066 et
915 2001 1078 2066 morales
1092 2001 1160 2067 do.

108 2111 166 2170 tes
190 2087 394 2188 enceph'ali
416 2105 535 2171 totius
555 2110 593 2170 et
612 2102 869 2188 singularibus
883 2103 962 2191 cius
982 2105 1157 2190 partium

16 2207 17 2260 ἶ
111 2209 211 2278 moli
233 2187 282 2276 iro
297 2207 550 2298 qualitatibus
570 2207 841 2294 respondeant.
1159 2217 1164 2228 '

198 2359 231 2430 ι)
249 2350 468 2418 Facultates
494 2351 636 2420 mentis
657 2329 785 2418 sedem
806 2370 915 2418 suem
938 2353 1157 2436 generatim

112 2476 180 2542 per
197 2433 536 2524 totum'ccrebrum
545 2455 760 2544 dispersam
773 2456 938 2546 hebent,
961 2456 1158 2542 quadani·

114 2562 171 2626 mi
194 2559 303 2626 dotes
324 2557 558 2644 singulares,
586 2565 674 2644 post
694 2559 847 2638 morbos
872 2565 943 2630 ,aut
978 2560 1158 2630 laesiones

117 2661 251 2748 cepitis
279 2659 480 2746 depressae
513 2663 578 2726 vel
608 2661 761 2770 ppnitue
789 2660 1011 2752 deperditae
1032 2669 1159 2732 oeten·

116 2769 225 2834 dunt
273 2801 276 2813 ·

195 2887 230 2994 p)
253 2891 620 2994 Respondentcertis'
643 2909 797 2975 animae
809 2907 1062 2976 facultatibus
1079 2929 1159 2976 cer·
1204 2931 1207 2941 ¹

18 3039 19 3066 ι
113 3021 179 3082 tae
199 3013 405 3098 enceplrali
427 3017 569 3096 partes.
611 3011 759 3081 Nititur
791 3017 920 3080 autem
949 3013 1016 3104 cel.
1042 3011 1153 3080 (isan

112 3115 309 3187 adeertum
324 3115 396 3182 hoc
416 3113 662 3205 sequentibus
672 3113 830 3184 firmare
840 3123 1155 3222 argumentorum
1196 3153 1200 3162 ·

114 3223 350 3292 momentiss

241 3363 507 3456 aynifferunt
526 3364 754 3448 cupiditates
768 3369 806 3430 et
827 3363 972 3430 ruentis
992 3363 1161 3434 faculta-

198 3478 256 3540 tes
278 3472 384 3537 iuter
401 3469 634 3554 seponitur,
658 3475 822 3556 euntque
844 3467 976 3534 variae
989 3475 1029 3534 et
1046 3470 1161 3536 innu-

134 3591 136 3598 ’
198 3597 331 3645 merae
344 3574 466 3640 animi
486 3569 617 3652 dotes,
641 3591 736 3660 quae
754 3573 856 3640 inter
873 3591 910 3640 se
927 3557 1160 3666 discrepant}

195 3687 241 3746 ut
262 3677 355 3744 ade‘o
377 3679 512 3764 cuique
532 3673 732 3761 proprium
748 3672 790 3740 in
812 3673 967 3746 cerebro
988 3687 1170 3761 organon·

201 3789 241 3848 et
256 3759 362 3848 sedis
379 3765 586 3864 peculiaris
605 3797 680 3844 ease
699 3775 877 3844 debeant.

241 3925 284 4010 b)
307 3923 518 3990 Perductus
539 3927 666 3992 certae
688 3923 842 3990 animae
871 3920 1007 4004 dotes,
1040 3921 1155 3988 certis

200 4027 347 4096 cerebri
370 4027 547 4113 pertibus
571 4023 705 4110 leeris,
736 4024 955 4103 etredsunt
979 4023 1158 4120 eaedem,

195 4131 380 4222 restituta
401 4129 574 4219 partium
597 4130 840 4218 integritate.
873 4199 877 4214 ‚
