2904 5002
282 339 355 474 pso
389 431 392 436 .
536 372 619 446 Iar.
638 371 687 472 Π,
708 372 801 441 cnr.
821 369 879 436 lv.
900 373 959 437 Dr
987 382 1118 442 eursu.

288 525 392 593 visas
412 523 593 591 manibus
607 523 833 609 frequenter
846 527 1085 608 exploremus
1098 568 1109 603 ,
1133 525 1333 608 motusque

288 637 328 701 et
348 630 509 696 visionis
533 629 641 696 ideas
654 632 804 713 saepius
820 633 1076 702 conferamus.
1123 633 1218 694 Cum
1230 651 1333 712 prae·

289 743 398 811 terea
417 736 514 800 situs
538 734 774 811 obiectorum
795 741 834 797 et
856 735 1046 819 distantia
1058 734 1259 804 radiorum
1280 731 1334 796 di·

287 841 499 914 rectionem
515 828 681 914 mutent,
709 857 841 903 aarum
853 843 1010 910 tantum
1029 858 1159 904 rerum
1172 833 1333 918 figurem

288 943 420 1012 debita
444 940 652 1015 discernere
674 929 896 1024 possumus,
934 963 1031 1028 quae
1059 941 1190 1013 radios
1210 936 1334 1022 paral,-

270 1027 385 1118 ¹lelos
410 1045 451 1110 in
472 1045 627 1110 oculum
645 1046 833 1122 mittunt,
854 1032 955 1131 ¹quae
977 1043 1139 1109 visionis
1157 1061 1334 1126 campum

288 1165 370 1218 non
397 1147 582 1213 excedunt
606 1148 657 1232 (ς.
678 1167 752 1232 512.
770 1147 809 1233 ),
841 1155 878 1213 et
902 1148 1075 1214 debitam
1106 1146 1258 1213 habent
1287 1145 1334 1210 ab

291 1257 401 1324 oculo
423 1252 525 1317 dista
529 1255 667 1316 utiam.
711 1252 874 1344 Quantis
893 1258 1024 1316 autem
1039 1252 1210 1317 fallaciis
1234 1250 1336 1314 visus

289 1359 344 1424 sit
366 1357 585 1423 obnoxius
574 1361 616 1421 ιιι
639 1355 898 1436 dijudicandis
923 1358 1165 1462 objectorum
1188 1353 1242 1439 fig
1221 1352 1321 1432 ὓῑιιιίι

285 1462 452 1547 vel1psa
473 1463 585 1526 docet
605 1461 773 1545 pictoria
794 1482 854 1526 ars
866 1506 877 1540 ,
901 1481 999 1546 quae
1022 1461 1163 1525 lineis
1149 1483 1192 1524 ιιι
1216 1401 1338 1526 tabu·’

291 1567 331 1630 la
351 1567 469 1650 plana
489 1564 635 1642 ductis,
669 1567 825 1630 ahsente
848 1567 954 1630 omni
973 1566 1171 1651 profunda
1191 1565 1334 1636 dimen·

289 1669 399 1744 sione
411 1713 422 1747 ‚
443 1689 573 1733 omnes
590 1669 791 1752 possibiles
811 1669 993 1734 imitatur
1014 1669 1172 1751 figuras.
1218 1667 1252 1732 ’,

389 1827 570 1910 Metimur
593 1831 678 1896 visu
701 1850 906 1913 corporum
929 1829 1240 1897 distantiam
1270 1846 1335 1910 per

194 1962 196 1968 ¹
291 1930 679 2006 variaadminiculas
715 1935 752 2020 1)
772 1936 823 1998 Ea
845 1940 903 2008 est
932 1929 1093 1996 visionis
1115 1931 1200 2012 lex,
1237 1929 1335 2015 quod

295 2042 447 2118 obiecta
468 2061 510 2114 eo
530 2041 718 2121 maiorem
735 2039 947 2124 imaginem
960 2038 1000 2102 in
1016 2038 1145 2105 retina
1158 2042 1336 2108 forment,

291 2153 440 2234 quanto
459 2142 642 2230 propiora
654 2149 743 2216 sunt
756 2144 891 2222 oculo,
913 2163 1033 2228 eoque
1052 2141 1209 2206 minora
1226 2140 1335 2205 nobis

295 2256 535 2337 adposcent,
559 2271 633 2336 quo
655 2248 870 2328 remotiora
886 2255 988 2316 sunt.
1009 2248 1046 2312 Si
1065 2248 1190 2331 igitur
1209 2261 1334 2312 veram
1375 2305 1378 2318 ,

292 2357 460 2441 corporis
485 2353 645 2432 alicuius
667 2353 978 2438 magnitudinem
1003 2353 1200 2436 cognitam
1220 2350 1332 2416 nobis

292 2462 571 2538 habuerimus,
596 2480 642 2523 ex
662 2457 871 2543 adparente
899 2456 1169 2542 magnitudine
1199 2457 1248 2523 ad
1279 2454 1334 2518 di-

292 2567 486 2630 stantiam
504 2562 584 2642 eius
603 2563 830 2628 concludere
843 2563 992 2628 licebit.
1035 2565 1076 2648 u)
1090 2565 1184 2626 Cum
1203 2563 1337 2628 luxra«

215 2709 217 2712 .
246 2737 250 2753 ι
297 2667 442 2732 diatim
462 2663 720 2751 propagetur,
744 2664 895 2752 ejusque
919 2664 977 2730 vis
999 2667 1250 2748 parisations
1277 2663 1338 2728 des

293 2777 461 2847 crescet,
504 2790 579 2854 qua
608 2769 886 2834 distantiarum
930 2769 1119 2856 quadrata
1148 2773 1354 2852 augentur·

295 2869 358 2954 (ς.
378 2873 479 2953 507.)
493 2916 503 2950 ,
528 2870 653 2934 retina
677 2891 701 2938 a
721 2869 995 2935 remotioribus
1026 2870 1185 2947 obiectis
1213 2869 1349 2945 minus,

194 3049 195 3052 Ἴ
296 2973 500 3051 adficitur,
530 2981 568 3040 et
598 2975 764 3041 solemus
795 2975 1018 3040 concludere
1040 2975 1089 3042 ad
1110 2975 1334 3044 distantiam

297 3096 525 3158 corporum,
556 3077 789 3172 reflectendo
812 3077 860 3154 ad
892 3077 1096 3143 clariorem
1124 3080 1188 3143 vel
1211 3079 1335 3144 minus
1431 3119 1432 3132 ι

299 3181 525 3246 distinctam
542 3183 746 3248 visionem.
792 3184 849 3247 Ob
863 3183 1024 3253 eundem
1045 3183 1243 3253 radiorum
1263 3181 1336 3247 did-t

298 3305 444 3350 cessum
470 3286 618 3369 pallida
642 3288 759 3354 etiam
781 3291 968 3371 apparent
982 3309 1141 3373 corpora
1161 3297 1200 3355 et
1213 3289 1335 3357 minus

295 3387 547 3468 illuminata,
585 3411 682 3476 quae
704 3391 917 3463 remotiora
938 3396 1038 3464 sunt.
1080 3392 1123 3479 3)
1148 3395 1176 3456 A
1206 3407 1336 3472 corpo-2

294 3513 383 3576 rum
405 3494 729 3570 intermediorum
756 3481 916 3561 numero
938 3501 976 3560 et
1001 3495 1269 3582 magnitudine
1289 3491 1335 3565 ed

297 3599 443 3677 obiecti
467 3599 697 3668 distantiam
727 3601 953 3666 concludere
987 3619 1136 3686 quoque
1159 3601 1335 3674 solemus,

298 3701 464 3769 Adsedit
486 3713 680 3790 praeterea
701 3703 800 3777 acris
827 3703 1048 3788 interpositi
1073 3702 1337 3770 subcaeruleus.

299 3811 426 3890 color,
451 3811 514 3898 qui
536 3832 581 3876 eo
598 3809 923 3897 profundiorem,
951 3817 1024 3894 quo
1043 3807 1231 3886 maiorem
1250 3825 1336 3869 con-

300 3917 433 3992 stituit
456 3921 697 3995 columnam
732 3913 831 3985 unde
859 3921 1005 3980 montes
1029 3911 1157 3986 dissiti
1179 3904 1337 3980 caerulei

177 4101 178 4108 ,
300 4020 505 4104 idl'ffl'fflf·
549 4020 858 4110 A)Praec1puum
882 4026 1014 4086 autem
1038 4013 1336 4090 edmrmculum„

222 4137 224 4150 ·
299 4145 373 4212 quo
395 4127 622 4192 distantiam
642 4125 880 4206 obiectorum
903 4123 1106 4190 aestimare
1137 4115 1336 4188 discimus2

297 4231 344 4306 ut
363 4228 492 4325 plures
520 4228 617 4306 οΙίιιι
646 4225 859 4305 docuerunt
885 4227 1091 4326 scriptores
1114 4224 1181 4326 e),
1208 4224 1246 4295 st
1267 4210 1329 4284 cels
