2904 5002
189 415 302 482 Suos.
325 413 387 482 111.
406 413 465 482 Du
486 413 594 482 visu.
619 399 682 480 iii.
706 415 817 478 viius
840 417 1073 484 nxeosicio.
1117 411 1185 517 381
1246 373 1251 388 ⁸

121 573 225 638 nea,
250 575 346 648 quas
367 561 407 626 in
429 557 556 628 variis.
578 557 729 624 retinas
760 561 915 647 punctis
938 563 1179 646 excitantur,
1222 597 1226 610 ·

123 665 177 732 ed
198 665 453 734 intuitionem
474 661 725 750 pervenient,
755 681 902 752 nosque
925 665 1176 754 mutationes,

123 769 260 836 eidem
279 771 439 836 tunicae
456 767 635 834 inducias
646 811 658 848 ,
690 772 877 855 tunquam
890 769 930 837 in
948 773 1074 858 spatio
1088 791 1179 838 con*
1306 769 1311 780 ’

120 873 314 958 tingant,
338 870 599 956 percipiamus
620 870 673 955 a).
706 870 747 934 id
766 877 899 938 autem
913 871 1072 940 visionis
1087 893 1178 960 spe·

118 977 229 1042 tium
251 994 328 1040 non
344 975 476 1040 existit
488 973 700 1058 inphysice
720 973 888 1060 quadam
902 977 1104 1064 encephali
1116 997 1178 1044 an⁴

121 1081 332 1158 tensione,
365 1092 499 1143 venum
529 1078 722 1142 formatur
751 1093 819 1158 per
858 1074 988 1144 ideam
1028 1086 1177 1158 motus,

122 1201 226 1271 quaa
249 1178 561 1258 consationibus,
593 1178 634 1243 in
657 1178 785 1244 retine
806 1177 1028 1259 suscitatis,
1066 1187 1106 1248 et
1126 1181 1177 1248 ad

120 1284 411 1353 conscientiam
424 1289 595 1348 nostram
607 1279 819 1368 perductis,
841 1281 1073 1350 adsociatur.
1087 1285 1177 1353 cui-

117 1389 164 1456 bi
189 1385 293 1454 oculi
315 1387 524 1464 musculos,
560 1382 737 1450 omnibus
763 1386 1059 1468 perfectioribus
1089 1390 1175 1456 sni-

121 1494 298 1562 maiibus
322 1505 542 1556 communes
560 1487 619 1572 (ς.
632 1489 729 1572 497.)
740 1529 752 1566 ,
775 1495 812 1556 et
831 1489 957 1556 tribus
977 1488 1175 1559 distinctis

117 1613 331 1663 nervorum
352 1589 604 1656 cerehceiium
624 1591 780 1674 paribus
800 1591 998 1678 provisos(
1005 1597 1034 1670 ς.
1048 1597 1122 1680 456.
1135 1615 1175 1662 ιι.
1310 1630 1313 1640 ·

117 1701 184 1765 111.
216 1699 277 1765 IV.
298 1693 405 1784 vt),
430 1693 612 1760 altiorem
637 1694 677 1758 in
699 1695 787 1762 visu
809 1696 951 1763 hebere
972 1695 1172 1782 significa-

119 1807 237 1882 tum,
260 1819 374 1888 quem
400 1822 443 1866 ea
467 1807 524 1866 est
545 1797 776 1878 destinatio,
807 1807 851 1868 ut
873 1804 1001 1870 oculos
1022 1803 1063 1870 in
1084 1819 1172 1889 pera

118 1911 199 1972 tem
222 1917 377 1968 omnem
408 1907 582 1978 vertant,
608 1901 670 1966 vel
690 1900 778 1968 inde
796 1907 906 1988 patet
917 1951 929 1990 ,
957 1905 1172 1993 quodradii

120 2009 221 2074 iucis
245 2007 355 2072 ocuio
369 2005 522 2072 obviam
543 2001 965 2093 ceteroquinpsigani',
992 2011 1168 2099 quod'qus
1250 2067 1253 2074 .

86 2193 95 2202 .
119 2119 241 2196 ceput
263 2110 432 2178 hominis
454 2119 491 2177 et
513 2111 785 2198 plerarumque
808 2113 1019 2178 bestiarum
1042 2113 1100 2181 ite
1120 2114 1173 2184 sit

122 2212 274 2308 mobile
288 2259 298 2293 ,
322 2220 364 2279 ut
386 2215 534 2293 ocutos,
558 2213 639 2276 sine
661 2225 794 2278 coium
818 2212 1035 2298 adiutorio,
1067 2216 1173 2302 obje-

121 2319 194 2386 ctis
215 2317 498 2402 conspiciendis
521 2318 721 2386 obvertere
740 2318 872 2403 possit.

215 2458 453 2528 Pecuiiarem
477 2463 679 2543 praeterea
692 2457 950 2527 attentionem
966 2457 1166 2530 merantur

118 2559 235 2636 nervi
254 2570 363 2634 ocuio
376 2599 394 2618 -
407 2557 569 2632 motai-ii
590 2585 675 2630 cum
690 2563 847 2650 gangiio
861 2562 989 2632 cilteri
1010 2565 1167 2646 conjuna

119 2669 196 2738 dtio
223 2671 284 2758 (t.
302 2671 375 2754 506.
392 2668 433 2760 ),
464 2673 580 2756 etque
603 2669 711 2734 nervi
734 2657 903 2747 eiusdem
933 2683 1020 2734 cum
1047 2669 1168 2735 ebdu-

117 2783 229 2842 cente
251 2779 288 2841 et
308 2773 436 2860 primo
456 2770 560 2856 pacis
584 2765 711 2859 quinti
733 2789 843 2837 ramo
867 2771 959 2836 unio
983 2771 1090 2854 (vol.
1110 2769 1168 2840 iv,

117 2897 154 2962 p.
173 2879 244 2960 165.
259 2881 299 2962 ),
324 2873 461 2962 quibus
481 2893 612 2939 eorum
630 2871 893 2938 musculorum
910 2863 1062 2957 energia
1079 2887 1168 2941 cuni

117 2981 338 3070 systematis
363 2973 511 3046 ciliarie
543 2981 743 3046 iunctione
772 2977 813 3046 in
837 2997 1060 3046 consensum
1084 2976 1165 3045 cin·

117 3084 320 3168 sulacem,
349 3083 533 3150 hactenus
555 3103 578 3149 a
598 3077 753 3150 namins
776 3073 1034 3170 disquisitum,
1052 3073 1166 3168 poni·

8 3241 9 3248 ,
119 3183 199 3256 tur.
345 3184 346 3190 '

214 3329 478 3416 Muscuiorum
498 3335 626 3434 'igitur
656 3346 765 3414 bulbi
795 3347 922 3432 oculi,
963 3358 1159 3421 tectorum

114 3451 322 3536 praecipue
345 3451 522 3538 energia,
547 3467 621 3540 qua
643 3449 846 3520 intes-iores
864 3451 967 3519 oculi
980 3459 1107 3538 partes
1122 3464 1161 3524 st

117 3571 280 3621 coenses
305 3553 521 3620 convexitas
550 3559 752 3622 mutantur
771 3558 827 3639 (ς.
841 3553 969 3640 pn),
994 3573 1068 3642 que
1091 3554 1163 3640 igis

114 3661 182 3722 tus·
202 3655 336 3720 ocuius
353 3655 552 3740 quibusvis
570 3655 731 3740 objectis
752 3653 1096 3738 adcommodatur,
1118 3651 1162 3724 id

115 3759 316 3826 internum
341 3755 523 3826 efformet
541 3757 701 3825 visionis
722 3758 916 3844 epatium,
942 3755 1161 3845 quodidem

113 3860 269 3946 penitus
291 3867 345 3929 est
368 3881 452 3928 cum
467 3861 555 3927 idea
568 3866 707 3940 motus,
727 3881 837 3930 sensu
860 3860 1068 3930 muscuieci
1082 3881 1159 3928 sue·

116 3968 237 4036 citato
255 3975 307 4046 (i.
330 3969 403 4049 476.
419 3969 450 4054 ).
468 3965 567 4050 Quia
579 3985 671 4034 vero
691 3965 917 4034 muscularis
935 3985 1066 4033 sensus
1079 3967 1162 4034 ion-

116 4076 225 4159 giore
247 4073 397 4160 indiget
418 4072 600 4142 exercitio
613 4113 625 4150 ,
655 4079 700 4140 ut
723 4076 779 4141 ita
800 4071 1046 4160 perficiatur,
1083 4088 1162 4159 qun

117 4180 239 4248 cieras
263 4183 302 4246 et
320 4176 835 4260 distinotesnobiseuggseat
847 4171 972 4250 ideas,
996 4187 1161 4260 cumque

112 4277 211 4349 visio
232 4285 318 4354 sins
337 4285 465 4363 motus
487 4277 799 4462 ideispossiggis
821 4273 1013 4360 heudeit,
1044 4289 1160 4348 vetut

775 4395 797 4450 ³
914 4445 917 4461 ,
