2888 4994
192 359 301 425 seor.
320 351 349 421 1.
371 355 628 440 srsrrpssrrs
653 369 901 426 crrsssssrs
922 375 1104 440 reseres.
1134 377 1197 448 ¹33

150 507 322 594 majora,
348 501 1042 592 undespatienescunturpeculiaris
1059 507 1197 576 inimo
1246 507 1253 517 '

146 606 524 694 hemisphaeriorum
545 611 682 690 parte,
706 607 809 693 apud
828 611 1027 678 hominem
1050 615 1090 676 st
1111 611 1195 720 pls·

146 731 265 798 saque
284 710 475 776 animalis
493 709 789 796 reperibilial),
813 731 911 797 quea
924 713 1016 778 licet
1026 730 1097 797 pro
1107 734 1193 780 ssu·

145 819 241 884 sorii
263 817 478 884 communis
497 815 578 880 loco
598 813 788 882 declarari
802 817 908 886 baud
925 820 1092 904 possint,
1124 840 1194 905 pe-

146 918 335 982 culiarsm
354 926 459 1003 certo
473 917 622 983 babent
634 917 676 984 in
694 920 922 1004 oeconomis
940 919 1192 986 animaliuti-

145 1020 300 1108 litatem
322 1022 395 1108 m).
406 1023 507 1086 Haec
520 1024 650 1087 eutem
660 1021 791 1108 spatie
808 1043 833 1088 v
846 1044 865 1092 e
878 1043 904 1088 n
915 1027 932 1088 t
943 1024 1014 1089 ric
1028 1025 1103 1092 uli
1130 1025 1191 1092 di·

144 1125 284 1189 cuntur
310 1123 559 1193 laterales
589 1145 620 1190 s.
642 1124 903 1192 tricornes
930 1135 983 1202 n).
1003 1127 1217 1196 Formam·

145 1233 210 1294 tur
231 1203 397 1312 psrrietss
415 1227 646 1305 ventriculi,
674 1230 720 1292 ut
731 1227 840 1292 Gens
855 1227 989 1308 docet,
1013 1229 1061 1294 eb
1084 1213 1191 1298 extus

142 1353 211 1418 per
234 1330 439 1398 fasciculos
468 1329 699 1397 medullam
725 1330 986 1417 egredientes,
1020 1331 1190 1400 interius
1270 1387 1284 1394 -

142 1456 233 1502 vero
251 1453 321 1518 per
337 1434 544 1516 intrantes.
590 1433 759 1499 Veniunt
772 1437 903 1498 autem
924 1433 1020 1504 haec
1041 1455 1136 1522 osee
1145 1436 1188 1503 in

144 1540 414 1620 conspectum,
435 1532 503 1600 ubi
525 1530 737 1600 medullare
763 1539 939 1600 centrum
963 1536 1079 1620 peuio
1098 1557 1188 1622 pro-

139 1625 299 1704 fundius
311 1655 426 1723 quam
438 1637 624 1706 callosum
637 1633 813 1723 adsurgit
823 1656 959 1722 corpus
971 1681 984 1715 ,
1005 1639 1189 1707 horizon-

139 1725 288 1810 telibus
310 1715 501 1806 scinditur
522 1739 778 1830 sectionibus,
808 1739 984 1828 styloque
1003 1739 1187 1812 immerso

141 1851 254 1911 ceute
266 1841 507 1928 aperiuntur.
530 1843 582 1910 Ea
593 1842 1068 1914 medullarissubstantiee
1082 1867 1188 1932 pers,

137 1969 238 2038 quae
249 1946 556 2034 singulumtegit
567 1947 842 2027 ventriculum,
854 1948 868 2013 l
881 1969 967 2016 acu
978 1970 1005 2016 n
1016 1972 1067 2016 er
1084 1971 1189 2020 com·

135 2059 331 2142 pelletur,
354 2055 538 2124 etdicunt
554 2075 654 2140 eam,
673 2054 948 2145 quaesendum
965 2055 1186 2140 comfitustr
1262 2102 1283 2152 '.

135 2177 163 2248 p
177 2181 200 2226 e
211 2181 236 2224 v
250 2160 264 2225 i
277 2165 511 2256 mentum.

220 2303 389 2372 Exhibet
407 2304 647 2374 ventriculus
669 2303 847 2370 lateralis
868 2323 1007 2372 cavum
1023 2307 1183 2376 unicum

132 2419 175 2478 st
194 2413 445 2517 continuum,
467 2413 509 2480 in
535 2414 614 2480 trie
635 2429 797 2496 cornus,
826 2411 1021 2496 euterius,
1057 2421 1185 2501 posts-

135 2515 222 2584 rius
243 2522 282 2583 et
302 2513 468 2607 inferius
488 2515 731 2601 productum.
750 2519 912 2584 Cornu
934 2517 1183 2598 euterius,

15 2673 17 2706 ,
129 2641 202 2708 per
231 2626 383 2706 septum
410 2619 583 2692 lucidum
614 2621 762 2694 esocis
792 2628 1041 2704 separatum,
1079 2621 1183 2689 inter

131 2723 287 2798 cerebri
318 2719 532 2790 medullam
561 2727 600 2788 et
630 2741 767 2807 corpus
798 2721 984 2791 strictum
1008 2721 1181 2803 incedit,

131 2826 372 2896 terminatur
385 2825 582 2894 anteriora
592 2844 724 2891 versus
735 2825 815 2892 fine
826 2844 950 2905 ceeco,
960 2831 999 2894 st
1009 2843 1181 2894 commu.

129 2931 243 3000 nicet
255 2950 343 3000 cum
352 2927 570 2998 ventriculo
582 2913 743 2994 elterius
757 2927 891 2997 lateris
906 2949 950 2998 ac
962 2948 1049 2995 cum
1060 2931 1179 3008 tertio

128 3053 204 3118 ope
221 3028 453 3124 foraminis,
474 3029 575 3118 quod
587 3030 963 3118 piexuscboroideus
982 3033 1085 3098 inter
1097 3033 1179 3100 for·
1258 3117 1263 3122 Ι

15 3183 16 3188 =
123 3137 228 3222 nisis
241 3133 480 3228 columnulas
498 3140 537 3203 st
548 3133 773 3228 colliculum
785 3133 958 3220 opticum
970 3135 1172 3222 relinquit.

130 3247 192 3310 Co
205 3263 296 3308 rou
318 3264 405 3329 pos
418 3241 600 3318 terius,
618 3239 766 3342 ‘prioris
789 3227 1008 3326 processus,
1041 3237 1179 3314 ceteris

127 3345 428 3430 brevissimum,
449 3349 687 3430 postrorsum
707 3344 904 3429 procedit,
926 3345 1098 3415 flectitur
1109 3357 1192 3434 pse-¹

127 3467 216 3518 rum
234 3446 588 3532 interiora-versus,
610 3444 831 3534 desinitque
839 3447 918 3530 fine
929 3469 1052 3514 caeco.
1071 3453 1129 3516 oo
1142 3475 1178 3518 r·
1225 3445 1231 3450 ’
1288 3429 1306 3504 ’-

127 3549 1179 3644 nudeniqueinferiuss.descenderisfinepo.

127 3657 290 3724 steriors
311 3674 403 3738 ,cum
427 3655 624 3740 prioribus
658 3655 858 3732 cohaeret,
894 3652 1040 3722 incedit
1068 3659 1177 3742 prius

125 3762 372 3850 aliquantulo
384 3761 612 3846 posteriora,
634 3757 820 3826 inferiora
833 3766 871 3825 et
884 3759 1076 3829 exteriora
1088 3783 1174 3828 ver-

126 3890 214 3952 sus,
236 3855 452 3936 etflec'titur
463 3868 702 3954 pedetentim
714 3867 763 3951 ad
774 3868 990 3946 anteriore,
1012 3867 1175 3934 ubicee·

128 3991 173 4038 co
193 3989 345 4060 quoque
366 3955 610 4039 terminatur
623 3969 716 4038 fine.

211 4115 439 4182 vestiuntur
456 4133 588 4184 omnes
599 4115 748 4184 cerebri
765 4117 973 4184 ventriculi
990 4122 1029 4182 st
1043 4123 1173 4222 partes
1212 4111 1214 4120 ’

127 4219 170 4290 in
187 4217 268 4286 illis
289 4217 390 4287 sites
408 4219 637 4318 membrana
659 4219 835 4304 subtili,
852 4240 950 4312 quse
970 4219 1173 4316 inbydro·
