2904 5002
127 420 134 434 ,
262 298 985 411 troald.betummltsoras.⁸
1098 349 1218 426 445

109 489 208 560 lium
241 487 442 573 exempla,
479 480 639 570 propris
669 485 708 546 et
737 479 918 567 specifica
949 501 1042 550 voce
1063 481 1163 552 iusi.⁸

108 595 245 684 guium
268 591 288 682 (
299 602 330 671 §-
354 593 430 670 436,
446 591 479 676 ).
524 589 622 652 llaec
634 591 768 674 autern
791 607 975 660 sonorum
1000 589 1165 668 infinita

109 690 599 778 discriminapervarism
621 688 1167 775 nodorumetfigurarumdi‹
1243 752 1246 763 ,
1368 744 1371 755 .

107 803 323 871 rectionem
336 803 375 861 et
395 813 602 862 numerum
613 792 704 880 poni
718 797 764 874 (t.
774 794 891 881 527.),
911 796 979 860 cel.
1008 799 1163 862 cacan.

108 923 155 972 ru
183 901 369 969 ostendit.
414 897 582 965 Auribus
612 895 756 963 nostris
793 899 897 982 grati
930 905 1022 964 sunt
1051 901 1164 981 soni,

89 1007 178 1095 ‚qui
208 1003 513 1072 oscillationibus
544 997 674 1066 sonori
698 999 869 1086 corporis
893 1000 1167 1087 homogeneis,

109 1116 155 1175 ut
182 1123 268 1172 cum
291 1105 576 1193 probabilitate
593 1102 807 1178 statuitur,
839 1105 1106 1202 suscitentur,¹
1129 1111 1168 1173 et

109 1210 294 1279 dicuntur
311 1209 587 1296 clangores.
626 1205 664 1272 si
686 1227 776 1272 vero
798 1211 958 1278 eaedem
973 1212 1164 1279 vibratio·

109 1317 588 1401 neshsterogeneessunt,
606 1311 888 1394 strepitus,
912 1315 1171 1400 frag'oras,·

110 1421 338 1494 sibilus,
374 1417 734 1488 stridoresetc·
766 1417 973 1500 oriuntur,
1011 1422 1170 1488 auribus

110 1523 258 1594 nostris
282 1525 368 1610 plus
389 1522 606 1589 autminus
629 1521 777 1606 ingrati
796 1522 850 1607 ·).
885 1521 1037 1594 ,Graios
1069 1530 1172 1594 clena

106 1652 223 1721 gorea
243 1649 286 1694 ea
306 1630 447 1694 saltem
471 1645 634 1712 corpora
657 1624 801 1718 ¹edunt,
826 1647 924 1715 quae
947 1647 1072 1697 measa
1097 1629 1171 1698 ho-'
1287 1678 1288 1686 κ

111 1751 303 1819 mogenea
321 1736 524 1807 constant,
543 1749 642 1817 quae
654 1729 884 1796 cohaesione
897 1733 1069 1817 gaudent
1083 1738 1171 1802 ubi-¹

114 1855 191 1922 que
216 1834 432 1924 aequalilet
452 1839 531 1900 non
551 1834 799 1918 interrupta,
829 1821 868 1900 et
891 1855 990 1922 quae
1010 1839 1058 1904 eb
1080 1841 1172 1908 aliid

113 1933 343 2023 corporibus
368 1936 424 2001 its
444 1939 600 2001 remota
621 1941 740 2014 sunt,
763 1944 807 2002 ut
826 1935 1097 2006 vibrationum
1117 1942 1174 2008 lu·

111 2061 177 2108 sus
203 2041 351 2108 nullibi
370 2039 623 2126 impediatur.
1109 2045 1113 2056 “

202 2183 381 2251 Advertit
402 2183 506 2249 auris
527 2187 661 2250 nostra
688 2203 820 2249 eorum
844 2184 1068 2270 clangor-um
1093 2209 1178 2272 cerff

15 2343 19 2360 .
112 2297 177 2357 tos
205 2287 362 2367 modos,
392 2306 457 2352 seu
481 2307 599 2364 ,sonos
633 2287 916 2354 determinatae
949 2292 1152 2376 qualitatis
1163 2335 1178 2375 2

113 2415 187 2482 per
212 2391 478 2459 oscillationes
499 2397 626 2456 certae
639 2379 896 2471 intensionis,
919 2395 1091 2482 certique
1108 2417 1178 2462 nu-

115 2497 222 2565 meri
242 2497 347 2562 intre
368 2501 520 2582 tempus
544 2501 692 2564 certum
714 2497 938 2582 suscitatos,
973 2502 1040 2587 qui
1059 2507 1109 2567 to
1123 2479 1183 2586 ni

116 2599 320 2669 dicuntur.
355 2587 591 2684 ‘Praecipuae
602 2603 783 2667 tonorum
802 2597 1048 2678 differentias
1069 2621 1121 2690 gr
1135 2627 1179 2672 a·

113 2730 138 2772 v
151 2708 165 2772 i
178 2713 196 2772 t
210 2725 259 2770 as
280 2709 319 2768 et
341 2723 364 2766 a
376 2724 393 2766 c
407 2721 431 2767 u
443 2721 481 2767 m
494 2723 512 2766 e
525 2723 550 2767 n
576 2703 835 2769 constituunt.
878 2707 1057 2773 Velocem
1073 2710 1174 2776 a'e'ris

113 2806 425 2879 commotionem
442 2810 600 2887 acutos,
624 2815 663 2875 et
687 2805 839 2874 tardam
854 2829 989 2897 graves
1012 2817 1176 2882 suscita-

11 2907 14 2916 ’
110 2920 312 2988 retortos,
331 2909 412 2994 ipse
431 2909 562 2976 Pssro
582 2909 662 2996 iam
686 2911 816 2979 docuit
836 2913 945 3000 (vol.
971 2905 1050 3001 1.p'.
1072 2919 1126 3002 5⁶·
1144 2901 1175 3005 )',

77 3039 82 3060 ¹
115 3027 158 3088 et
178 3019 393 3111 adtigimus
411 3017 585 3103 superius
608 3017 714 3104 (vol.
733 3018 793 3085 lv.
811 3038 848 3103 p.
871 3017 981 3106 69.),
1007 3027 1117 3088 tonos
1132 3014 1187 3087 eo'
1246 3013 1248 3021 ⁴

116 3127 323 3213 graviores
345 3143 456 3204 esse,
490 3141 566 3208 quo
590 3123 791 3208 pauciores
815 3127 1050 3212 contingunt
1071 3117 1185 3195 intra¹

115 3231 227 3300 idem
248 3235 401 3314 tempus
423 3225 689 3303 vibrationes,
713 3245 832 3315 eoque
847 3229 1036 3298 acutiores
1051 3233 1178 3310 reddi,

117 3337 271 3426 quanto
296 3332 422 3419 plures
445 3329 707 3397 oscillationes
731 3336 904 3416 tempore
928 3335 1061 3404 eodem
1092 3319 1192 3428 per(

121 3441 328 3507 ficiuntur.
371 3433 450 3505 Cal.
473 3439 607 3500 sutem
631 3435 824 3516 Caunum,
844 3438 1091 3505 acutissimus
1113 3441 1183 3506 do-

117 3541 274 3610 etrinae
297 3539 490 3604 ecustioae
522 3537 706 3604 inventor
736 3546 950 3624 comperit,
982 3561 1054 3626 pro
1083 3549 1178 3610 tono

118 3640 382 3732 gravissimo,
406 3659 500 3706 eure
519 3644 655 3706 nostra
671 3643 924 3727 perceptibili
944 3660 989 3724 ,30
1001 3686 1012 3721 ,
1043 3651 1082 3709 at
1106 3661 1189 3729 pro·

118 3741 352 3818 acutissimo
370 3763 456 3830 7520
467 3744 703 3814 vibrationes
716 3747 823 3817 intra
833 3752 1033 3818 minutum
1045 3771 1182 3818 secun·
1197 3814 1200 3821 .

118 3857 219 3924 dum
243 3849 390 3938 requiri
412 3850 489 3934 fl).

209 3985 420 4058 Numerum
447 3994 577 4055 autem
597 3984 867 4065 vibrationum
901 4013 987 4060 cum
1019 3996 1181 4064 elestios

119 4113 332 4181 corporum
355 4095 418 4169 vi,
444 4111 606 4178 cumque
624 4095 902 4180 tensionepcri
923 4095 1077 4163 ratione
1098 4111 1183 4165 cred

116 4221 251 4284 scere,
276 4197 422 4268 chorda
447 4196 619 4266 ostendit
641 4196 811 4280 ejusdam
833 4201 1031 4290 >crassitiei
1043 4249 1056 4284 ,
1080 4223 1183 4294 quae
