2904 5002
299 369 365 452 416
406 355 414 362 ’
450 351 458 363 ’
544 361 1099 436 t1r.11.cn.1v.uesuso.

293 515 357 598 pit
381 509 453 576 iiia
476 509 578 575 oetio
598 508 694 573 aetia
726 509 953 591 conspicuo,
974 507 1231 577 membranae
1251 517 1351 601 ἐγω.

295 617 391 700 pani
410 611 594 690 adverso,
613 620 706 677 ante
718 614 1062 698 promontorium
1085 614 1269 692 decurrit,
1289 639 1348 685 oo·

295 721 331 785 ei
352 727 505 805 petroso
536 717 759 801 insculpta,
794 724 1015 784 antrorsum
1037 727 1078 785 et
1106 720 1347 801 introrsum

287 825 451 890 ¹ambitu
474 815 766 905 eubccmpreeco
777 865 790 899 ,
808 823 1000 907 ampliore
1019 822 1136 888 initio
1157 826 1347 894 etsensim

296 933 573 1012 coangustato,
601 923 822 1012 desinitque
847 925 927 990 fine
954 927 1085 992 lacero
1110 925 1221 994 inti’a
1240 933 1347 999 ente,

292 1038 438 1104 ricrem
453 1043 493 1101 et
511 1041 704 1102 externam
725 1037 821 1100 oesie
844 1037 996 1120 petroci
1015 1039 1168 1103 faciem.
1188 1040 1287 1104 Huic
1303 1036 1349 1100 fi·

293 1141 339 1207 ni
362 1139 618 1224 cartilaginea
634 1138 752 1203 tubae
768 1159 858 1222 pare
883 1141 1126 1220 adnectitur,
1146 1163 1247 1227 quae
1268 1159 1348 1206 am·

291 1245 422 1328 plieta
448 1245 591 1308 aenaim
614 1248 835 1307 enti-orcum
864 1248 905 1308 et
929 1245 1144 1310 introrsum
1168 1245 1218 1310 ed
1239 1246 1346 1330 pala·

294 1355 380 1414 tum
401 1350 522 1414 molle
541 1347 692 1422 tendit,
712 1346 781 1411 ubi
793 1349 963 1414 maxime
979 1349 1162 1438 dilatata,
1177 1358 1216 1416 et
1231 1369 1348 1415 mem·

290 1450 484 1518 branecea
513 1453 593 1537 jam
622 1449 802 1527 reddita,
832 1452 875 1515 in
901 1453 1093 1520 circanam
1121 1455 1186 1520 ani
1215 1452 1345 1521 luterio

290 1557 609 1641 oetiosuopatet,
634 1555 779 1619 annulo
802 1556 978 1634 tumido,
999 1559 1214 1644 muciparie
1240 1559 1345 1644 glen-

291 1662 395 1728 dulis
416 1645 587 1742 referto}
606 1658 735 1725 cincta
757 1662 815 1745 e).

373 1827 587 1894 obducitur
620 1826 746 1893 omnia
778 1827 896 1893 tubae
936 1834 1086 1896 tractue
1118 1828 1343 1896 membrana

286 1955 466 2013 mucosa,
489 1929 643 2018 quaein
657 1949 797 1996 cavum
818 1935 1003 2017 tympani
1021 1953 1158 2022 neque,
1171 1916 1338 1999 multum

286 2044 420 2102 tamen
431 2039 637 2100 extenuata
648 2076 660 2111 ,
671 2033 914 2118 producitur.
929 2037 1115 2120 copiosae
1135 2025 1340 2122 glandulae

288 2141 539 2224 muciparae‚
562 2138 605 2203 in
630 2157 675 2201 ea
693 2137 828 2202 tunice
850 2137 1088 2220 recidentes,
1110 2143 1268 2202 niueum
1288 2154 1342 2198 ee·

288 2247 473 2323 cernunt,
498 2239 621 2326 quiin
634 2241 813 2306 morboso
835 2243 941 2304 etatu
965 2241 1060 2308 adeo¹
1079 2263 1195 2328 caepe
1212 2256 1338 2304 cumu-

286 2351 413 2429 latur,
435 2353 481 2412 ut
503 2353 654 2412 meatus
675 2346 710 2412 ie
733 2345 890 2431 penitus
909 2348 1160 2431 obstruatur,
1189 2348 1338 2433 ipeeqne

287 2453 446 2521 auditus
461 2451 652 2534 patiatur.
675 2450 822 2517 Lumen
843 2449 923 2532 ejus
945 2452 1095 2516 canalia
1107 2497 1119 2534 ,
1153 2451 1266 2518 nulla
1284 2467 1341 2514 ce·
1422 2517 1423 2536 1

285 2555 473 2643 te'roquin
490 2554 648 2621 valvule
664 2553 867 2633 instructi,
882 2575 951 2638 per
972 2556 1171 2624 eleaticam
1184 2554 1336 2623 cartila-

282 2659 388 2746 ginis
400 2656 481 2722 vim
499 2660 676 2739 apertum
692 2655 1067 2726 continuo.aervatur
1076 2703 1087 2736 ,
1112 2667 1156 2724 ut
1172 2660 1254 2735 a‘e'r,
1272 2670 1335 2737 per

282 2761 467 2830 infimum
481 2756 638 2824 nt‘rinm
661 2765 835 2826 meatum
848 2759 1080 2842 adveniens,
1098 2763 1230 2829 subire
1251 2772 1334 2822 eum

285 2865 437 2931 debeat.
464 2863 519 2926 Ex
537 2881 581 2924 ec
604 2849 727 2947 igitur
757 2870 844 2941 ecte
862 2863 967 2951 quod
992 2866 1136 2950 spiritu
1157 2866 1332 2948 'retento’

280 2970 448 3036 fluidum
473 2969 514 3034 id
536 2968 740 3048 electioum
769 2969 905 3052 tubam
931 2977 972 3036 ct
994 2969 1177 3060 tympani
1203 2979 1332 3033 cavum
1421 2971 1422 2974 ’

281 3095 370 3140 oum
390 3075 558 3157 strepitu
583 3072 743 3154 subeat,
764 3074 927 3158 ipsaque
948 3075 1131 3157 tympani
1143 3071 1332 3141 membra·
1420 3133 1421 3140 ,

280 3196 353 3252 na,
376 3183 423 3246 ut
440 3179 666 3242 vatnffl
678 3179 818 3256 refert,
842 3198 866 3242 a
886 3175 1012 3242 nimia
1030 3178 1070 3243 vi
1083 3185 1200 3263 rupte
1222 3176 1331 3240 etiam

279 3280 470 3378 fueritne
493 3277 683 3346 Videntur
716 3281 837 3345 etiam
869 3281 1037 3346 musculi
1056 3283 1184 3364 palati
1207 3272 1329 3347 mollia

282 3379 457 3468 aliquam
484 3379 628 3445 habere
649 3388 884 3467 potestatem
916 3382 1138 3456 intubum,
1175 3391 1221 3448 ut
1241 3377 1328 3445 adeo

279 3485 332 3552 iia
355 3481 561 3571 agentibus
578 3481 739 3550 dilatari
759 3487 818 3550 vel
838 3486 1055 3571 'constringi
1072 3484 1207 3572 possit.

364 3671 433 3736 De
445 3689 537 3740 vero
562 3669 678 3735 tubae
707 3672 992 3738 Eustachianee
1011 3693 1081 3738 usu
1104 3676 1210 3740 inter
1228 3645 1323 3755 phy·⁸

278 3775 450 3858 aiologoe
470 3781 562 3838 actu
581 3775 814 3859 disputatur.
840 3780 1004 3844 Ceneent
1026 3781 1099 3845 elii
1124 3800 1208 3847 cum
1229 3769 1325 3839 Vel·

279 3878 447 3954 calva,
478 3877 561 3944 ae'ri
583 3880 625 3943 in
653 3881 834 3963 tympani
854 3903 948 3950 cavo
971 3884 1192 3949 renovando
1211 3881 1323 3945 inaer-

57 4013 60 4020 ·
180 4036 182 4044 .
277 3985 385 4062 vire,
407 3983 524 4068 idque
537 3981 691 4049 efficere
706 4029 718 4063 ,
736 3991 782 4050 ut
793 3986 1067 4074 aequilibrium
1090 3978 1323 4055 servatoriu-

276 4093 338 4155 ter
357 4098 557 4158 externum
578 4095 616 4156 et
638 4091 837 4157 internum
870 4096 1010 4159 adrem.
1041 4091 1120 4158 Alii
1147 4094 1319 4158 humores

275 4196 534 4286 ¹aupacflucec
556 4201 738 4285 tympano
757 4216 827 4282 per
848 4217 934 4264 eum
959 4199 1135 4267 canalem
1159 4179 1320 4262 derivari

1112 4317 1279 4392 credunt·
