2946 5000
693 191 702 240 l

165 439 181 464 ,
221 339 329 448 '¹480
378 363 425 416 ‹''
469 413 474 431 κ
536 331 1107 438 trs.1t.oss.³1v.nssrsso.

264 522 372 583 statu
391 513 646 597 magnetum,
677 518 715 576 et
742 511 847 575 alter
879 512 921 576 in
956 509 1093 598 vigilir
1127 507 1248 572 alium
1273 527 1314 570 se

267 619 414 683 sentiat
434 615 748 691 somnambulus,
782 614 895 698 aliter
915 613 960 680 de
983 635 1022 677 se
1042 612 1125 695 ipso
1149 609 1292 690 iudicet
1304 649 1317 686 ,

271 730 310 786 et
332 720 451 785 aliam
474 721 629 803 penitus
650 721 691 784 in
706 743 755 790 ¹se
777 724 959 804 agnoscat
975 735 1206 801 personam,
1228 714 1317 780 nul-

271 826 386 909 laque
403 824 612 886 memoriae
633 824 799 910 vestigia
820 829 957 888 estatu
978 822 1094 904 vigili
1109 818 1150 884 in
1163 838 1319 903 magne-

253 923 395 990 ‘ticum
415 926 630 1002 somnium,
659 947 754 1014 eque
777 909 852 990 isto
876 926 918 990 in
941 926 1051 1004 illpm
1082 925 1319 987 transferan-

273 1033 350 1093 tur.
394 1030 627 1094 Peculiarem
645 1031 834 1109 eiusmodi
849 1049 978 1094 casum
991 1028 1056 1092 cel.
1070 1030 1240 1093 sztm
1254 1025 1324 1090 oli-2

273 1111 526 1207 servavit‚‘et
537 1133 639 1198 vidit
648 1135 821 1201 Frseuua
839 1131 1180 1208 somnambulum,
1199 1129 1322 1215 quiin

274 1238 425 1303 somnio
452 1238 671 1323 magnetica
694 1239 740 1303 de
774 1259 903 1302 rerum
923 1245 1030 1302 extra
1053 1257 1188 1321 eorpus
1208 1255 1322 1312 suam

272 1343 529 1408 ‘existentium
551 1343 628 1407 situ
641 1383 651 1416 ‚
676 1340 1135 1422 contrariatulitjudicia
1155 1340 1213 1426 a).
1238 1341 1323 1404 Huc

164 1485 167 1498 ·
275 1447 474 1532 pertinere
498 1465 648 1533 quoque
669 1445 823 1512 videtur
841 1447 1047 1531 singularis
1068 1441 1324 1528 planeobser·

276 1552 412 1626 vatio,
436 1557 550 1636 quam
574 1554 764 1615 Misenus
789 1570 913 1634 nuper
935 1547 1234 1635 communicavit
1253 1547 1321 1630 b)=

277 1656 389 1720 culta
414 1653 600 1740 quaedam
622 1653 753 1737 puella
780 1659 819 1717 et
841 1653 990 1738 optima
1017 1653 1207 1717 memoria
1226 1669 1320 1734 gau-

269 1755 386 1836 dens,
408 1756 450 1819 in
471 1775 649 1828 somnum
670 1755 688 1834 (
702 1755 962 1839 magnetieum
976 1755 1020 1842 l)
1037 1753 1176 1822 incidit
1194 1753 1321 1818 altum

273 1866 313 1924 et
331 1864 504 1922 consueto
526 1856 830 1934 diuturniorem,
862 1879 969 1945 equo
983 1857 1152 1924 excitata
1162 1856 1318 1926 nullum

230 2031 234 2040 ¹
271 1957 426 2042 penitus
459 1959 671 2025 memoriae
693 1957 870 2043 prodidit
894 1959 1124 2044 vestigium
1158 1961 1321 2025 debebat

277 2061 401 2144 igitur
424 2061 605 2142 novitus,
633 2083 677 2126 ec
698 2063 733 2128 si
752 2061 867 2129 modo
885 2071 978 2127 nata
1004 2070 1102 2127 esset
1116 2109 1131 2142 ,¹
1150 2063 1322 2128 institui.
1346 2079 1349 2092 ·

221 2229 225 2236 ,
275 2165 421 2230 Celeres
450 2171 580 2230 autem
620 2167 764 2230 fecerat
791 2166 831 2230 in
861 2168 1058 2252 quibusvis
1086 2186 1320 2252 progressus.

152 2293 159 2303 ·
271 2270 361 2336 Post
382 2291 532 2335 menses
553 2269 706 2356 aliquot
723 2273 764 2334 in
784 2265 952 2336 similem
976 2271 1321 2347 inciditsomnum;

272 2371 392 2439 rediit
411 2379 502 2438 tunc
523 2379 646 2438 status
662 2369 791 2456 prior,
823 2391 891 2436 nee
912 2373 1125 2458 quidquam
1145 2374 1322 2439 recorda·

273 2476 390 2542 hatur
420 2496 552 2540 eorum
566 2519 577 2552 ‚
607 2494 704 2562 quae
734 2480 907 2560 tempore
920 2481 947 2552 ,'
966 2477 1067 2539 inter
1095 2477 1264 2558 primum
1282 2483 1321 2541 et

272 2579 479 2645 seeundum
501 2597 680 2644 somnum
694 2576 822 2642 medio
835 2617 846 2652 ,
869 2582 1104 2663 perceperat.
1148 2577 1321 2642 Periodi·

275 2699 315 2744 ce
337 2699 459 2754 nunc,
484 2680 635 2744 indeeb
653 2681 767 2744 annis
781 2684 967 2762 quatuor,
993 2679 1095 2745 idem
1108 2681 1317 2747 revertitur

274 2803 455 2872 somnus,
486 2781 552 2868 qui
573 2804 724 2866 semper
742 2783 915 2865 priorem
936 2782 1044 2846 tollit
1056 2823 1067 2858 ,
1091 2792 1130 2848 et
1151 2785 1320 2848 alterum

272 2887 386 2970 ponit
395 2890 555 2962 statum,
565 2886 675 2952 nulla
685 2888 727 2950 in
737 2907 779 2948 ea
790 2904 955 2968 persona
963 2885 1115 2969 vigente
1129 2887 1323 2954 conscien-

206 3011 218 3020 ·’
273 2989 333 3055 tie
350 2987 393 3053 de
412 2987 557 3073 duplici
574 3009 642 3054 suo
664 2989 884 3054 charactere
908 2995 946 3053 et
966 2995 1141 3054 nature.v

381 3197 417 3249 V.
440 3193 593 3262 Samnii
617 3193 844 3266 maguntini
862 3198 1038 3268 quartus
1065 3191 1232 3264 gradus.

336 3399 339 3410 ·
360 3379 558 3444 Pauciores
571 3380 725 3465 quidem
736 3387 825 3447 sunt
836 3381 1119 3463 somnambuli,
1139 3383 1207 3470 qui
1218 3383 1322 3456 hunc

275 3483 675 3576 adtingentgradum,
697 3484 928 3568 phantasiae
940 3485 1110 3550 maxime
1124 3487 1320 3550 exaltatae

278 3569 572 3652 adscribendum
585 3627 595 3660 ,
606 3603 777 3672 *cumque
789 3587 1069 3670 phoenomenis
1084 3595 1189 3652 certo
1203 3589 1325 3682 mire·

276 3691 422 3758 bilibus
436 3688 693 3772 conjunctum.
719 3690 863 3756 Dicunt
872 3687 976 3752 hunc
994 3694 1139 3755 statum
1163 3691 1186 3754 d
1202 3711 1328 3755 eser·

279 3791 686 3879 ganinationem,
720 3792 1030 3868 claritatem
1058 3792 1326 3858 universa·

281 3899 400 3976 lem,
442 3900 651 3964 extasin
689 3901 757 3960 aut
798 3895 1189 3962 divinationem
1229 3919 1324 3964 ma-

280 4020 340 4083 gn
353 3991 372 4065 e
383 4007 400 4064 t
411 4000 424 4064 i
435 3999 456 4064 e'
465 4021 486 4067 a
498 4023 551 4067 m·
584 4001 788 4080 Descripta
809 4001 996 4065 hactenus
1009 3998 1150 4064 somnii
1163 4019 1325 4082 magne.

278 4105 349 4172 tici
365 4107 712 4192 phaenomenasub
732 4103 806 4168 hoo
818 4101 938 4188 gradu
952 4099 1045 4168 adeo
1057 4103 1324 4190 intenduntur,

273 4216 339 4294 ut,
365 4211 628 4283 coenasstlsesi'
648 4217 686 4280 et
712 4211 866 4282 animae
895 4215 1089 4300 potestate
1111 4212 1317 4296 exaltatis,
