2888 4994
766 217 777 268 s

220 366 222 378 κ
274 297 342 412 1σᾷ
378 339 466 405 er.
479 333 526 401 11.
538 333 629 398 car.
648 325 710 394 ΙΙΙ.
728 327 966 392 Dasssrsn.
979 340 1102 396 nrnv.
1114 293 1256 400 'rouen

272 505 352 557 non
381 479 668 550 desiderentur,
693 478 732 534 et
762 471 959 536 cerebrum
975 470 1130 555 ipsum,
1153 481 1198 539 ut
1218 476 1332 541 Gur,

225 590 229 602 ’
273 585 399 668 docet,
432 603 476 648 ac
501 580 569 644 cel.
591 577 835 648 TIEDEMnurs
858 573 935 638 auis
962 573 1212 656 confirmavit
1237 598 1331 661 per.

224 740 226 748 ,
271 681 608 774 vestigationibus,
623 681 681 769 ¹²),
704 697 773 762 pro
788 673 1078 742 efflorescentia
1089 679 1220 760 potius
1232 703 1328 747 ner·

274 817 412 882 vorum
435 798 474 857 et
501 788 695 854 medullae
726 783 887 868 spinalis
900 811 923 860 ,’
948 785 1213 868 peculiaribus
1237 789 1335 854 fun·

247 991 252 1004 ¹
271 899 467 968 ottonibus
486 893 708 966 destinata,
737 887 876 952 haberi
890 887 1052 952 debeata
1077 887 1240 976 denique
1261 911 1327 960 re.

271 1013 353 1074 late
374 1003 563 1069 adsensus
578 993 844 1072 etmotusiam
857 990 1117 1074 peripherici,
1140 992 1220 1070 iam
1231 1011 1326 1058 cen·

270 1111 389 1178 trales
408 1117 614 1170 nervorum
634 1096 795 1161 termini
807 1093 967 1160 initium
983 1097 1246 1162 constituunt„

201 1267 204 1272 '
292 1327 294 1332 ,
358 1251 506 1340 Quibus
535 1250 667 1310 autem
696 1241 738 1306 in
770 1238 865 1304 locis
897 1218 1085 1308 centrales
1112 1259 1325 1329 nervorum

269 1355 434 1428 termini
457 1345 667 1432 encephalo
689 1332 910 1412 inserantur
929 1331 1168 1512 ssoriantur)
1185 1388 1197 1420 ,
1217 1345 1325 1410 inter

215 1465 217 1470 ’
275 1450 516 1532 anatomicos
537 1457 626 1540 ectu
650 1445 884 1533 disputatur.
965 1449 1084 1539 ocuity
1100 1469 1224 1532 nuper
1253 1427 1325 1512 cel.

232 1561 233 1566 ἵ
272 1571 563 1656 Simnaname,
593 1546 800 1620 nervorum
823 1551 992 1635 origines
1014 1557 1051 1616 in
1064 1552 1158 1636 ipsis
1172 1550 1323 1616 ventri·

272 1675 450 1743 culorum
479 1658 694 1748 parietibus
729 1658 964 1744 quaerendas
1000 1659 1077 1720 esee
1108 1655 1223 1744 1‘·),'
1256 1653 1322 1732 id,

271 1775 375 1865 quod
395 1774 544 1836 veteres
566 1764 644 1848 jam
667 1762 854 1826 tenebant
872 1761 1079 1842 scriptores
1100 1761 1158 1847 a).
1181 1757 1323 1826 Verum

271 1873 511 1942 continuitas
532 1865 707 1952 omnium
720 1857 927 1927 nervorum
940 1880 1058 1946 usque
1073 1858 1217 1927 cerebri
1228 1879 1322 1924 ven·

215 2041 217 2048 ,
268 1977 432 2048 triculos
452 1991 520 2038 nec
544 1989 612 2054 per
634 1965 895 2031 Heliorum
928 1965 966 2026 et
995 1962 1093 2028 alios
1117 1945 1314 2028 curatissi-

267 2102 350 2149 moa
364 2072 616 2149 anatomicos,
626 2073 776 2152 necpet
787 2068 916 2162 ipsum
926 2060 984 2129 'st
996 2084 1036 2128 m
1047 2071 1142 2130 m'er
1154 2086 1173 2130 r
1184 2065 1199 2128 i
1211 2084 1237 2129 n
1248 2081 1272 2150 g
1284 2062 1319 2128 i·

266 2206 343 2251 um
368 2175 625 2248 demonstrari
652 2171 794 2255 potuit.
840 2170 1054 2236 X.·B10nsr
1087 2168 1167 2232 tria
1197 2187 1312 2250 prae·

267 2287 383 2371 cipua
393 2281 534 2372 statuit
543 2297 612 2362 pro
624 2273 774 2358 origine
787 2292 995 2346 nervorum
1021 2271 1129 2334 vitae
1148 2269 1311 2333 sensile·

267 2413 334 2458 rae
349 2392 457 2455 loca:
471 2384 666 2449 cerebrum
678 2379 819 2463 ipsum,
833 2373 1173 2460 protuberantiam
1186 2389 1315 2436 annu·
1383 2357 1388 2366 ’

266 2499 392 2564 larem
408 2495 445 2556 et
465 2479 782 2572 prolongationes
803 2477 894 2558 eius,
905 2483 942 2542 et
953 2475 1163 2542 medullam
1184 2474 1314 2558 spina⁴

267 2595 425 2683 lamb).
469 2588 671 2657 Oel.‘Gnnu
694 2589 751 2650 est
773 2581 988 2657 sententia,
1014 2598 1148 2644 nervos
1167 2577 1312 2662 ubique

266 2722 379 2788 posse
405 2696 516 2772 oriri,
534 2689 687 2757 ubi-vel
708 2685 866 2771 ganglia
886 2682 1114 2761 adsunt,vel
1137 2681 1315 2746 substan·
1338 2683 1340 2688 '

231 2855 241 2897 4
266 2808 326 2873 tia
349 2805 518 2882 cinerea,
541 2795 734 2882 plurimos
757 2811 846 2856 vero
869 2811 889 2853 e
910 2788 1082 2853 medulla
1104 2784 1313 2868 oblongata

268 2915 308 2976 et
328 2906 474 2993 spinuli
494 2906 622 2966 ortum
641 2915 789 2959 sumere
808 2897 856 2976 c).
888 2892 929 2958 ld
952 2891 1088 2955 saltem
1114 2891 1313 2954 certum-et

148 3061 150 3078 .
253 3014 538 3078 evictumasae
564 2999 745 3074 videtur,
789 2995 1087 3082 quodomnium
1107 3009 1313 3058 nervorum

267 3117 456 3179 centralee
489 3105 651 3174 termini
674 3123 760 3166 cum
784 3101 938 3194 cinerea
955 3098 1200 3170 ¹cohaereant
1226 3091 1313 3159 sub·

267 3215 493 3290 stantied).

351 3376 609 3447 Numerarunt
629 3371 808 3436 Gerenos
832 3366 926 3432 olim
945 3369 1033 3451 post
1053 3363 1253 3428 Marinu
1270 3375 1313 3426 m

266 3482 397 3551 etalii
418 3478 629 3544 anatomici
652 3479 799 3560 septem
820 3480 976 3538 tantum
995 3488 1199 3548 nervorum¹
1213 3472 1316 3532 tere·

263 3577 436 3654 braliuni
453 3582 567 3665 paria
589 3584 653 3668 e),
684 3577 875 3665 siquidem
893 3577 1011 3638 brute
1029 3569 1216 3637 animalia
1232 3567 1314 3633 sola

229 3729 230 3738 κ
265 3691 348 3754 fere
361 3683 585 3762 inciderint,
601 3702 737 3748 nervos
751 3678 972 3744 olfactorios
983 3696 1053 3760 pro
1073 3675 1176 3740 cevia
1196 3689 1313 3736 cana·

265 3793 370 3857 libus
381 3834 393 3868 ,
423 3785 492 3874 qui
509 3785 696 3871 pituitam
716 3805 736 3847 e
754 3780 986 3846 ventriculis
1016 3777 1057 3841 in
1078 3797 1188 3865 nares
1208 3773 1313 3840 defe-

262 3900 354 3962 rant
365 3935 376 3971 ,
405 3892 618 3957 habuerint
644 3891 707 3972 f),
739 3896 778 3951 et
805 3886 1071 3984 ltroclrlaarem
1092 3887 1136 3945 ut
1158 3899 1312 3945 remum

261 3993 375 4064 nervi
393 3991 594 4078 trigemini
618 3992 765 4075 passim
787 3985 1128 4053 consideraverint.
1171 3982 1314 4046 Recen·

262 4100 383 4166 tiores
394 4119 484 4164 vero
497 4116 582 4159 cum
594 4097 625 4158 H
640 4117 662 4159 a
674 4097 689 4160 l
702 4096 716 4158 l
729 4114 775 4159 er
788 4114 809 4158 o
822 4110 960 4156 novem
974 4087 1232 4153 numerarunt
1242 4099 1312 4164 pa·

266 4205 348 4286 ria3
366 4217 467 4272 nunc
486 4205 615 4268 autem
635 4206 729 4296 post¹
752 4196 819 4262 cel.
835 4193 1107 4264 Sinusnarne
1133 4185 1179 4274 g)
1200 4183 1315 4268 paria

327 4332 340 4371 r
394 4339 397 4348 ·
1171 4289 1266 4356 duo·
