2904 5002
239 448 350 516 saer.
371 407 437 516 lit.
460 449 519 518 Dr
540 461 649 520 νιιυ.
667 445 696 515 1.
718 460 881 516 ornere
903 463 1035 518 visre.
1123 467 1189 540 353

133 617 221 666 ιιιιιι
243 609 379 684 corpur
398 595 531 666 ciliare
550 601 590 664 et
612 616 754 665 corona
772 593 919 664 tiliarie
942 615 1080 664 narum
1097 617 1185 666 ver·
1321 587 1325 607 '

132 721 196 770 eur
215 699 296 769 rint
316 699 553 786 angustiore,
577 699 661 769 lene
682 697 1185 784 interioremagiereepicit.

130 805 254 873 Habet
275 826 314 874 ee
336 805 418 874 arie
439 805 555 874 lentie
579 805 627 872 ad
649 801 902 871 latitudinem
932 803 975 868 in
1004 795 1185 888 ho'mine,

81 948 84 957 ·
132 916 179 978 ut
203 935 236 976 re
254 929 293 993 ι,
315 915 353 978 et
375 916 539 998 augetur
557 908 666 995 prior
687 906 737 974 ad
758 909 1016 1007 posteriorem
1037 909 1080 976 in
1100 907 1187 976 ani·

134 1015 302 1082 melibne
335 1015 483 1084 eadere
513 1015 692 1092 ratione,
732 1031 809 1100 qua
844 1013 942 1080 haec
972 1036 996 1083 a
1023 1013 1188 1084 homine

134 1119 259 1208 magia
274 1119 481 1200 recedunt,
501 1123 547 1186 nt
565 1116 659 1219 aden
676 1115 719 1184 in
731 1115 904 1202 piscibus
916 1117 1190 1206 aryetallinurn

135 1221 178 1289 id
201 1229 336 1307 corpde
363 1223 412 1290 ed
434 1223 593 1308 globum
615 1223 695 1290 iere
717 1218 880 1287 edredat
899 1221 948 1307 ⁹).
981 1219 1085 1288 Solet
1103 1221 1189 1287 exie

138 1325 254 1390 lentie
273 1323 502 1414 adulterum
523 1323 729 1392 hominum
746 1324 829 1390 fere
849 1341 890 1402 a,
914 1331 953 1394 et
976 1323 1147 1392 latitudo
1168 1334 1191 1404 4

138 1427 331 1496 linearum
353 1447 445 1496 eree.
477 1428 595 1495 Varia
614 1427 734 1495 etiam
756 1425 874 1494 lentie
895 1434 951 1495 eet
965 1426 1137 1496 denditio
1148 1426 1190 1495 in

137 1529 440 1598 homineaetate
463 1532 638 1598 divereae
661 1528 785 1617 magia
805 1531 909 1600 enim
939 1521 1110 1600 convexa
1132 1535 1191 1599 eet
1281 1601 1286 1623 Ι

138 1631 182 1698 in
200 1635 354 1720 puerit.
378 1639 417 1699 et
429 1633 585 1720 planior
599 1633 640 1732 ip
656 1631 813 1701 renibue
833 1637 918 1724 0⁶),
941 1634 1192 1724 redditurque
1236 1713 1239 1723 Ι

139 1735 295 1804 firmior
324 1741 452 1802 aetate
483 1742 769 1822 propraecepter
802 1737 844 1804 in
878 1739 988 1805 foetu
1014 1737 1104 1804 dein
1125 1757 1192 1806 ru·
1260 1741 1264 1748 '

138 1838 244 1908 bella
261 1859 371 1926 eeepe
392 1837 584 1916 cernitur,
616 1839 683 1927 qui
704 1839 809 1908 color
833 1861 857 1908 a
883 1842 1096 1908 nativitate
1123 1859 1191 1926 pe·
1318 1853 1322 1874 ·

140 1944 247 2014 nitur
268 1944 457 2030 dieparet,
480 1942 676 2036 eimulque
696 1942 909 2021 maximam
923 1941 1096 2032 adquirit
1113 1943 1195 2028 pei-

142 2043 410 2126 luciditatem;
433 2043 534 2111 circa
556 2063 702 2112 annum
721 2059 775 2130 25.
792 2051 982 2131 punctum
1004 2040 1194 2112 flavidum
1300 2083 1304 2094 ·

143 2148 186 2216 in
207 2153 338 2215 centro
362 2147 603 2230 advertitur,
633 2146 735 2237 quod
755 2146 878 2217 eeriue
899 2147 1092 2216 ambitum
1110 2169 1196 2218 ver·

142 2270 205 2318 eur
228 2249 472 2333 extenditur,
495 2255 540 2316 ut
561 2237 649 2318 tota
670 2250 751 2316 lene
772 2249 875 2318 circe
896 2270 931 2317 e.
954 2259 1091 2333 70-80.
1111 2269 1196 2320 aue.

143 2355 224 2424 cini
246 2357 370 2424 irater
396 2355 561 2436 flereat,
593 2351 865 2440 pelluciditate
888 2359 1019 2428 tamen
1041 2357 1083 2423 in
1101 2376 1196 2425 rano

144 2459 255 2528 oculo
278 2458 343 2526 vix
370 2456 568 2526 diminuta
591 2456 653 2546 e).
697 2453 849 2524 Pondus
870 2459 1084 2546 poeitivum
1115 2459 1197 2544 ejur

144 2561 316 2649 eorporis
337 2562 379 2628 in
403 2559 538 2630 adulto
569 2551 730 2628 homine
752 2560 874 2640 diere
905 2579 1027 2648 grana
1047 2559 1197 2645 efficit,

145 2669 187 2730 et
209 2669 369 2751 ruperat
386 2661 571 2749 specifice
593 2663 715 2730 etiam
737 2663 905 2748 pondere
928 2681 1094 2752 aquarn,
1119 2683 1198 2754 qua

143 2767 301 2836 deneier
322 2786 474 2857 quoque
495 2772 577 2847 ert,
606 2771 652 2832 ut
684 2765 788 2832 ratio
809 2764 862 2832 rit
878 2783 919 2852 3²
941 2785 973 2837 a.
1021 2770 1115 2834 cnm
1137 2767 1198 2835 ri·

143 2876 227 2938 treo
251 2893 411 2960 corpore
440 2863 663 2957 comparata
684 2871 766 2936 lene
787 2869 1026 2940 densitatem
1053 2869 1201 2956 habet,

147 2979 195 3040 ut
216 2975 447 3044 Lonorraue
467 2971 641 3060 reperit,
664 2980 710 3041 nt
729 2995 767 3062 9²
794 2993 855 3061 ro,
873 2975 937 3043 vel
959 2983 1003 3046 ut
1024 2975 1198 3064 7²8·1>)·

146 3079 274 3160 Maior
302 3082 500 3164 praeterae
532 3075 700 3146 deneiter
731 3079 774 3148 in
810 3083 960 3147 rentro'
979 3079 1201 3173 advertitur

148 3199 266 3270 quem
284 3181 327 3248 in
346 3177 593 3268 peripheria,
623 3179 726 3252 unde
748 3187 788 3249 et
808 3181 955 3268 meiere
982 3179 1047 3250 hic
1076 3183 1201 3271 pollet

147 3283 189 3354 vi
208 3284 339 3353 radice
359 3281 575 3370 frangendi.

251 3429 482 3498 continetur
522 3425 605 3497 tene
646 3429 876 3520 crystallina
920 3430 1199 3522 conrepteequ

146 3534 468 3614 mambranaceo,
490 3531 834 3622 antiquarunm,
858 3535 1025 3622 perfecte
1038 3532 1201 3624 pelluci-

147 3637 198 3706 de
210 3680 223 3719 ‚
253 3640 361 3704 textu
383 3635 568 3704 rettuioee
590 3634 702 3704 molli
714 3679 727 3718 ‚
758 3633 1029 3720 deneotarnen,
1051 3637 1198 3706 cantia·
1244 3708 1246 3715 s

145 3743 221 3821 to,
253 3737 357 3822 quod
388 3737 592 3821 capania
623 3737 783 3806 lentie
814 3737 970 3814 dicitnr.
1014 3736 1200 3808 Anterior

145 3840 327 3930 repentae
348 3859 437 3926 pare
461 3839 619 3909 deneier
640 3849 699 3910 eet
720 3847 760 3910 et
779 3841 912 3910 durior
932 3862 1048 3933 quam
1069 3847 1200 3928 poete·

141 3951 249 4032 rior,
271 3954 310 4015 et
331 3939 466 4013 differt
488 3948 576 4010 tota
592 3964 617 4010 a
639 3945 774 4014 tunica
790 3946 1001 4035 hyaloidea
1021 3945 1198 4014 ereeeitte

144 4051 292 4140 majora
326 4055 441 4137 atque
477 4045 689 4114 albuminte
722 4049 856 4136 copie,
886 4049 989 4117 unde
1012 4069 1083 4136 pro
1114 4049 1197 4130 eiua

141 4154 354 4243 propagine
377 4149 518 4216 haberi
538 4146 643 4218 haud
663 4154 803 4234 poteet.
838 4155 975 4222 calore
995 4153 1100 4220 enim
1118 4153 1194 4218 ier·

183 4245 720 4342 nrreoseirrnyeiel.men
740 4251 822 4328 Vol.
845 4253 905 4326 tv.
1041 4253 1068 4322 Ζ
1206 4259 1210 4272 ·
