2898 4996
194 313 295 428 sper
317 307 363 375 ΙΙ.
394 307 726 398 ΒειεῒεηΜΑτιε
750 327 871 400 serv.
893 293 1075 396 orsiesis.
1102 347 1104 354 ,
1127 333 1189 404 215

26 427 28 548 l
130 457 544 524 arrarumvisssmum
567 455 1185 545 qualitatumdifferentiaeodsm

26 563 28 616 μ
128 559 227 624 fere
254 567 449 626 momento
477 559 636 626 auribus
668 559 845 626 elocutis
876 547 1093 648 recipitur?
1125 565 1185 628 An
1236 633 1241 638 ,

126 667 249 739 tactu
271 662 402 742 eodem
421 660 535 745 plane
554 667 728 745 tempore
750 662 1028 731 diversissimas
1051 685 1186 750 corpo·

123 784 227 830 rum
240 765 414 850 physicas
424 763 677 849 proprietates
689 785 766 830 non
776 767 1043 853 exploramus?
1057 769 1184 854 Quan-

26 917 28 924 ,
125 874 175 932 to
202 865 664 956 deniquasansationum,
688 888 755 953 per
768 869 924 956 quaevis
937 871 1086 936 externi
1099 889 1185 936 sen·

126 993 203 1038 sus
215 991 373 1056 organa,
389 991 529 1058 perque
542 991 766 1056 corporeum
780 992 932 1038 sensum
944 979 1186 1056 receptarum

125 1076 312 1140 varietas
336 1081 534 1140 momento
552 1074 691 1140 eodem
716 1075 757 1140 in
785 1075 957 1142 sensorio
989 1075 1186 1140 communi

126 1175 378 1247 suscitatur?
404 1177 512 1240 Haec
535 1183 665 1268 autem
687 1178 820 1270 omnia
837 1173 1105 1264 permateriae
1126 1173 1207 1241 vi·,
1252 1253 1257 1266 Ι

129 1277 388 1343 cissitudines
413 1277 634 1362 contingere
665 1279 828 1344 minime
850 1285 1031 1362 possunt,
1064 1275 1186 1364 siqui·

130 1381 231 1446 dem
252 1381 470 1448 formarum
490 1383 528 1446 et
555 1379 778 1446 mistionum
804 1381 1022 1457 conversio,
1056 1383 1186 1456 utne·

125 1504 202 1562 mo
222 1483 338 1551 facile
352 1479 561 1570 dubitabit,
583 1481 707 1549 multo
722 1483 847 1566 maius
870 1482 1183 1571 requiranttem·

128 1607 224 1674 PU&
745 1580 749 1588 ’
1130 1583 1140 1624 s
1174 1651 1178 1660 .
1249 1603 1265 1618 .

221 1729 290 1795 His
312 1725 434 1814 igitur
455 1727 677 1813 praemittis
697 1725 923 1814 dynamicae
952 1727 1181 1796 efficientiae

128 1832 450 1919 praevalentium
472 1849 674 1916 agnoscere
693 1831 885 1898 'debemus‘
901 1835 938 1896 et
960 1831 1111 1898 credere
1129 1831 1182 1896 si·

129 1934 346 2020 mnl‚quod
360 1934 548 2000 materiae
560 1933 935 2013 mutatio,nervieab
947 1933 1182 2000 externisre·
1310 1953 1313 1972 ’

122 2043 203 2108 bus
227 2037 370 2116 illata,
409 2037 457 2106 ad
478 2047 668 2108 extremos
683 2060 815 2108 eorum
828 2043 1184 2128 terminoapulpas
1286 2120 1289 2130 ‚

133 2141 414 2228 semiliquidae
427 2141 596 2209 indolem
607 2145 808 2221 habentes,
816 2124 1020 2230 praecipue
1034 2145 1187 2211 restrin·

126 2255 263 2334 gatur,
272 2245 451 2336 quodque
470 2248 535 2313 hic
554 2266 743 2330 processus
763 2247 983 2327 suscitetur,
1008 2266 1081 2332 quo
1103 2245 1178 2312 im·

129 2349 384 2437 ponderabile
406 2347 636 2432 prolicitur,
672 2369 737 2435 per
761 2341 900 2416 nervos
922 2348 1023 2435 ipsos
1041 2366 1180 2434 props-

131 2451 331 2539 gaudum,
362 2471 489 2516 sensus
520 2454 692 2518 excitans
714 2457 911 2519 etmotus.
955 2455 1049 2519 cum
1068 2451 1180 2518 nervi

26 2563 28 2568 '
129 2557 176 2625 id
190 2553 741 2639 conducuntimpondsrabile,
759 2553 1180 2641 aliquamquoquefor·
1306 2637 1311 2644 .
1411 2543 1414 2550 ’

133 2689 224 2736 mee
243 2672 281 2732 et
304 2665 504 2752 mistionis
515 2667 772 2732 mutationem
783 2665 912 2730 subire
925 2665 1090 2746 debent,
1109 2685 1180 2729 un·

88 2809 90 2814 ·
133 2769 264 2852 deper
285 2767 459 2834 actiones
478 2763 679 2834 diuturnae
700 2773 734 2833 et
754 2765 935 2843 adsiduas
953 2765 1081 2832 minus
1094 2765 1179 2832 ido·
1277 2828 1281 2838 ,

131 2871 203 2940 nei
222 2889 291 2956 pro
313 2871 509 2936 sensiferis
527 2869 795 2950 functionibus
807 2869 1032 2936 redduntur.
1054 2868 1179 2936 Resti-
1308 2949 1324 2965 .

134 2985 305 3046 tnuntur
324 2984 455 3045 autam
475 2977 681 3064 systemati
702 2994 861 3043 nervoso
881 2975 1070 3060 pristinas
1092 2991 1176 3039 ma-

131 3083 257 3150 teriae
281 3081 491 3167 qualitates
512 3085 550 3144 et
569 3079 671 3144 vires
690 3099 757 3164 per
781 3095 1002 3163 processum
1019 3084 1176 3164 vegeta·

133 3186 263 3252 tivum
282 3185 355 3269 ”).
377 3182 477 3267 Quia
496 3173 758 3266 vero‘sanguis
782 3181 986 3248 arteriasue
1007 3181 1176 3246 commo-

128 3289 191 3356 nis
205 3293 261 3353 est
278 3286 470 3372 scaturigo
482 3285 669 3352 materiae
682 3291 721 3352 et
731 3285 876 3350 virium
888 3282 1170 3369 organicorum,
1213 3301 1216 3314 ’

130 3409 509 3481 cumquenervorum
522 3381 616 3455 fines
630 3386 880 3474 peripherici,
905 3386 946 3451 in
967 3404 1171 3452 sensusex·
1232 3391 1238 3410 '

86 3507 90 3517 “
130 3499 236 3568 terni
253 3498 405 3584 organis
428 3493 584 3574 diffusi,
606 3515 628 3559 a
649 3496 762 3560 rebus
782 3493 947 3559 externis
961 3491 1171 3578 plurimum

75 3663 79 3669 .
129 3597 352 3680 mutentur,
383 3600 628 3665 vasculorum
650 3599 958 3684 sanguiferorum
981 3599 1171 3694 apparatu

130 3707 311 3778 uberiore
334 3707 607 3802 informantur.
834 3693 837 3699 ’

214 3856 327 3936 Cuius
348 3864 477 3921 eutem
500 3851 642 3918 indolis
671 3851 770 3916 illud
790 3851 841 3916 sit
864 3849 1170 3936 imponderabils

130 3960 386 4030 determinari
403 3958 469 4023 vix
489 3961 627 4041 polest.
650 3953 850 4026 Probabile
871 3961 1003 4018 tamen
1025 3945 1101 4027 est',
1127 3961 1172 4020 ut

129 4065 216 4150 aliie
239 4051 368 4145 locis(
380 4069 429 4140 55.
441 4044 588 4144 essese.
604 4060 621 4145 )
635 4057 892 4136 ostendimus,
914 4055 1169 4124 efficientiam

26 4235 27 4242 ,
132 4167 249 4252 imno,
278 4185 395 4256 quam
416 4151 545 4236 celso,
566 4165 607 4230 A.
629 4159 933 4234 Escaalrr'oaran
950 4161 1169 4252 nrrpsrrirne
