2898 4996
285 363 348 423 202
381 343 476 414 Lis.
496 341 541 412 Π.
563 292 654 426 cna
667 337 731 408 111.
751 339 808 406 De
821 305 986 414 ererum
1000 351 1127 408 ιιιιιν.
1146 353 1284 404 rosor.

154 536 157 543 .
282 487 388 549 enim
402 467 616 567 capillaria,
640 497 734 566 quae
753 501 907 544 omnem
928 481 1006 543 iere
1029 484 1224 543 texturam
1238 477 1353 542 sub·'

282 596 399 669 eunt,
437 588 607 654 reticulis
641 589 790 651 nerveis
821 583 1042 671 systematis
1081 584 1337 666 gangliorum

286 697 494 784 cinguntur
513 695 533 778 (
545 699 574 782 ς.
600 696 718 775 ι54.),
746 690 848 756 unde
869 669 1118 760 manifestum
1136 694 1217 766 est,
1245 694 1338 753 ten-

285 787 414 874 diires,
442 817 692 880 aponevroses
716 800 786 868 etc.
815 793 941 860 nervis
960 791 1063 862 haud
1087 791 1260 860 destitui.
1276 791 1339 856 ‚Si

282 903 406 986 igitur
443 897 648 966 abnormis
671 899 878 966 adcesserit
911 897 1103 974 irritatio,
1144 896 1337 981 organice.

284 1007 477 1077 exaltatur
499 1003 758 1079 sensibilitas,
780 1001 1047 1088 iamqueadeo
1066 1003 1218 1068 intensa
1239 997 1334 1062 red-

283 1105 402 1182 ditur,
415 1110 459 1176 ut
472 1105 521 1174 ad
533 1106 746 1190 sensorium
759 1123 959 1170 commune
972 1110 1218 1190 propagetur.
1230 1105 1338 1168 Ten·

283 1210 438 1284 dinibus
458 1209 546 1273 dein
567 1216 604 1274 et
619 1207 919 1293 aponevrosibus
932 1210 1066 1274 tractis
1077 1215 1145 1274 aut
1156 1208 1333 1290 resectis,

279 1301 407 1402 partes
426 1295 588 1385 vicinae,
618 1316 681 1376 vel
698 1331 784 1376 cum
805 1311 864 1376 iis
873 1333 1078 1392 connexae,
1099 1320 1137 1377 et
1159 1313 1333 1380 narvisi-

283 1417 367 1488 mul
389 1415 539 1490 diduci,
568 1415 684 1500 atque
697 1415 846 1486 dolores
861 1421 904 1480 ‘et
917 1422 1182 1508 symptomata
1194 1418 1333 1502 gravia

278 1519 462 1594 suscitari
486 1520 636 1604 debent
1072 1556 1074 1564 s

216 1643 226 1671 ⁸
272 1697 274 1704 ,
374 1660 675 1726 Maximietiam
695 1658 885 1728 momenti
909 1667 966 1726 est
992 1659 1181 1726 vitalis
1216 1679 1327 1725 ner·

281 1757 458 1833 vicium
488 1765 875 1848 atmosphaera,
911 1777 1013 1848 'quae
1044 1768 1157 1827 aucta
1179 1763 1326 1826 autdi·

284 1855 441 1938 minuta
470 1864 617 1962 efficit,
658 1876 702 1932 ut
730 1873 858 1952 partes
886 1867 974 1950 iam
996 1867 1076 1934 sint
1101 1865 1328 1946 sensibiles,

211 1997 217 2006 ·
273 1970 366 2051 ¹iano
386 1988 475 2036 vero
494 1990 601 2035 οιιιιιι
622 1969 883 2035 destituantur
902 1987 1026 2034 sensu
1057 1969 1235 2032 vitalem
1258 1987 1329 2031 au

121 2073 125 2080 “
152 2093 154 2098 ’
280 2074 361 2136 tem
379 2083 586 2137 nervorum
610 2073 854 2137 activitatem
865 2069 1327 2156 ultraphysicumeorum

279 2173 450 2271 epatium
471 2193 691 2249 excurrere,
723 2193 767 2244 ex
786 2174 859 2246 iis,
875 2192 972 2258 quae
988 2173 1087 2234 Rutu
1110 2168 1253 2233 adtulit
1265 2173 1321 2254 c)

280 2293 376 2358 eque
399 2276 672 2358 experimentis
694 2261 763 2340 cel.
786 2291 1004 2340 sumnooor
1026 2277 1088 2360 (ι.
1105 2291 1179 2355 232
1198 2293 1235 2336 n.
1259 2291 1292 2339 a.
1302 2276 1339 2362 >²

164 2407 168 2416 v
280 2380 376 2443 satra
397 2384 529 2464 patet
552 2399 621 2443 nec
642 2387 746 2445 certo
778 2401 843 2463 ea,
873 2401 969 2467 quae
994 2377 1234 2444 acutissimus
1257 2397 1326 2462 op·-

211 2545 252 2560 ..
278 2482 410 2564 posuit
430 2483 635 2546 Ruborem
669 2481 739 2570 d),
771 2503 856 2548 eam
877 2481 1134 2562 sententiam,
1164 2479 1351 2564 opimi-³

277 2584 351 2654 bus
372 2584 612 2670 physiologis
645 2591 864 2670 receptam,
898 2587 1098 2652 infirmare
1128 2586 1322 2656 videntur.

270 2687 372 2758 ¹Sola
393 2692 498 2764 enim
525 2692 677 2760 stimuli
692 2687 945 2778 propagatio,
963 2704 1058 2778 quae
1080 2690 1213 2756 eadem
1236 2709 1327 2774 pro·

285 2793 463 2874 portione
483 2811 568 2860 cum
591 2803 705 2860 aucta
722 2793 912 2858 distantia
931 2792 1143 2868 decrescat,
1171 2813 1239 2879 pro
1263 2813 1326 2862 ex-

285 2892 476 2978 ponendis
484 2895 805 2980 apparitionibus,
817 2896 901 2959 loco
914 2899 1036 2961 citato
1049 2894 1232 2977 adductis,
1251 2897 1327 2960 mi·

285 2999 393 3062 nime
418 2993 589 3076 sufficit,
624 2997 814 3082 siquidem
847 3006 1011 3082 constet,
1046 3000 1213 3068 activam
1238 3019 1325 3065 earn

280 3103 599 3186 atmosphaeram
623 3122 666 3170 eo
687 3121 768 3168 essa
792 3101 1002 3186 majorem,
1033 3109 1177 3189 quanto
1199 3103 1324 3181 major

263 3189 403 3281 ⁸fuerit
428 3202 561 3268 vitalis
593 3201 748 3283 energia
778 3202 842 3289 e);
887 3205 1120 3270 labefactata
1149 3203 1327 3268 verovi-

273 3305 453 3378 talitete,
476 3309 816 3390 quantumcunque
840 3313 955 3372 aucta
982 3306 1032 3370 sit
1050 3306 1202 3390 stimuli
1228 3305 1311 3382 vis,

277 3408 462 3478 suscitare
483 3406 717 3492 resectionem
739 3408 899 3474 vitalem
911 3410 953 3475 in
963 3410 1144 3478 musculis
1157 3395 1235 3474 non
1249 3412 1326 3480 ali·

282 3515 344 3574 ter
373 3527 597 3590 possumus,
636 3512 715 3578 nisi
744 3513 969 3581 excitator'
957 3535 1084 3600 ipsum
1116 3513 1324 3598 contigerit

281 3625 457 3684 nervum.
501 3611 676 3698 Denique
697 3617 1326 3702 magnetismianimalisphaen'o·

246 3789 252 3800 .
282 3731 399 3778 mena
413 3754 424 3791 ‚
453 3721 499 3779 ut
516 3735 584 3780 suo
599 3718 819 3786 videbimus
849 3721 959 3799 loco,
998 3723 1167 3787 activam
1190 3722 1324 3796 vitali·

276 3814 375 3884 tatis
394 3817 703 3904 atmosphaeram
724 3817 878 3906 penitus
903 3827 1099 3893 evincunt.

344 3960 532 4034 ,vitalem
545 3961 797 4050 efficientiam
810 4009 822 4044 ,
842 3987 917 4054 qua
928 3965 1092 4066 musculi
1105 3967 1152 4034 st
1166 3969 1226 4036 cui
1237 3987 1325 4040 con·

283 4066 517 4136 tractionem
539 4074 820 4152 provocentur,
849 4089 913 4154 per
935 4091 1071 4138 nervos
1095 4075 1300 4159 propagari
1312 4096 1325 4152 ,·

277 4171 452 4264 superius
477 4169 529 4258 (ς.
550 4171 624 4247 Διό.
654 4191 692 4241 ιι.
723 4190 750 4238 ι.
771 4180 802 4251 ι.
823 4178 929 4263 419.)
958 4173 1039 4262 jam
1073 4175 1325 4251 ostendimur·
1408 4271 1412 4280 .
