2946 5000
270 392 378 462 seor.
406 347 549 502 libna
570 401 677 460 vrso.
698 395 727 463 1.
751 409 911 464 necans
931 411 1057 463 visne.
1140 407 1208 480 ³¹5

166 535 334 605 deretur.
367 535 511 602 Puncta
522 535 755 622 lacrymalia
777 543 816 604 et
840 539 1047 624 canaliculi
1071 537 1208 604 eodem

164 639 243 706 fere
263 638 377 705 modo
395 639 437 704 in
460 640 594 704 multis
614 638 924 727 quadrupedibus
944 659 982 704 ae
1002 642 1149 705 babent
1162 643 1207 702 ut

164 741 207 806 in
224 739 408 818 homine,
446 739 707 828 exhibeatque
735 742 972 810 differentiae
996 739 1206 807 nonnullas
1238 797 1241 805 .
1294 807 1299 818 ‚

165 841 208 912 in
230 836 580 930 aliquibus'eorum
599 843 816 930 generibus.
860 833 1210 925 Catacecaumple·

165 945 294 1032 risque
316 943 571 1029 animalibus,
598 947 642 1010 in
664 966 764 1034 aqua
782 946 1032 1031 degentibus,
1054 944 1209 1034 organis
1323 969 1326 978 ¹

164 1051 441 1137 lacrymalibue
473 1052 763 1135 destituuntur,
791 1055 955 1121 humore
982 1068 1161 1128 mucoso,
1188 1067 1230 1123 a,

29 1151 35 1165 “
165 1155 443 1240 palpebrarum
466 1155 653 1222 interiore
675 1155 851 1241 margine
871 1158 1064 1241 plorante.
1138 1209 1143 1222 .

249 1317 361 1400 Apud
383 1338 470 1383 aves
492 1319 678 1406 glandula
697 1317 919 1405 lacrymulis
946 1336 1067 1402 parva
1085 1311 1207 1410 pluri·

165 1430 274 1486 mum
297 1426 374 1500 est,
393 1421 574 1500 rotunde,
596 1421 800 1491 admodum
819 1425 957 1498 rubra,
979 1419 1123 1485 duobus
1141 1423 1211 1484 aut

161 1524 288 1590 tribus
312 1524 490 1592 ductibus
510 1529 782 1620 encretoriia,
770 1550 812 1595 ιιι
834 1529 977 1638 angulo
997 1524 1207 1612 palpebra.-

101 1655 107 1677 ι
164 1645 253 1716 rum
273 1611 856 1712 horizontaliumexistentibus,
877 1627 1063 1698 sacratum
1072 1629 1212 1693 humo·

168 1751 250 1796 rem
275 1732 453 1798 fundens.
508 1733 703 1800 Glandula
728 1734 969 1802 Harderiana
999 1707 1124 1798 multo
1156 1734 1213 1796 eet

141 1823 145 1832 ¹
167 1835 294 1916 major
306 1877 315 1910 ‚
347 1842 390 1900 et
407 1830 534 1908 mittit
560 1837 761 1905 humorem
781 1839 973 1904 flavidum
986 1845 1022 1902 et
1042 1837 1209 1920 spissum

165 1957 234 2025 per
257 1941 412 2006 ductum
435 1941 614 2024 unicum,
646 1945 871 2030 palpebram
898 1945 1059 2010 tertiam
1079 1941 1212 2028 perfo-
1318 1969 1338 2013 ,’

165 2023 351 2124 rentem,
378 2045 421 2108 in
441 2045 686 2128 superficiem
716 2048 830 2131 hujus
860 2048 1065 2114 internam.
1108 2051 1213 2112 Ana·

166 2151 225 2210 les
249 2155 286 2210 et
309 2147 409 2214 aliae
441 2147 645 2231 aquaticae
666 2169 755 2213 aves
786 2170 943 2234 corpore
959 2148 1210 2214 instruuntur

164 2247 441 2336 glandulosoet
451 2247 560 2325 duro,
572 2255 698 2315 totam
709 2253 947 2334 superiorem
962 2251 1111 2315 orbitae
1123 2271 1208 2334 par·

168 2347 251 2420 'tem
272 2361 504 2438 occupante,
528 2353 734 2438 glandulae
746 2356 970 2442 lacrymatio
981 2353 1214 2438 munuspro·

5 2517 6 2532 ,
67 2457 72 2513 ἶ
166 2458 337 2527 babillus
372 2463 552 2541 gerente;
593 2455 751 2522 ductum
784 2462 913 2524 tamen
957 2455 1213 2522 exoratorium

167 2561 284 2640 huius
300 2561 467 2644 corporis
489 2560 553 2625 ccl·
569 2565 720 2626 Cuvrssn
740 2559 914 2646 detegere
928 2561 1116 2626 hactenus
1133 2564 1213 2624 non‘

167 2666 309 2754 potuit.
352 2665 530 2730 Defertur
554 2665 696 2729 humor
717 2665 961 2750 lacrymalia,
985 2663 1096 2728 ostiis
1120 2661 1214 2726 duo·
1245 2739 1249 2748 ἢ

175 2769 247 2834 bus
272 2765 411 2851 amplia
442 2771 479 2829 et
510 2759 890 2850 mollibus=receptue
921 2767 1131 2832 insaecum
1150 2785 1219 2830 na·

170 2874 319 2948 salem,
346 2867 412 2957 qui
432 2865 475 2936 in
495 2889 630 2936 cavum
648 2869 869 2954 palatinum
889 2875 1012 2957 patet.

254 3031 389 3097 Variae
414 3036 619 3098 occurrunt
646 3031 966 3100 differentiae-in
991 3031 1213 3117 reptilibus.

36 3125 38 3132 ’
169 3134 1213 3223 Testudineamaritimaegrandembabantglandulam

191 3241 424 3324 acrymalern
435 3282 446 3315 ,
469 3239 684 3319 rubellam,
713 3239 833 3305 acinis
850 3247 888 3306 et
907 3240 1006 3308 lobia
1024 3243 1215 3326 composi·

196 3365 280 3423 am,
317 3364 431 3428 supra
462 3343 660 3429 regionem
689 3349 909 3434 temporum
937 3353 1216 3412 excurrentem.

174 3445 320 3511 Parvae
339 3453 468 3512 autem
491 3453 530 3530 pl
549 3452 655 3510 atrae
672 3447 916 3529 reperiuntur
934 3468 1000 3512 eae
1011 3445 1215 3534 glandulae

106 3558 115 3574 ·
172 3548 217 3613 in
237 3547 326 3612 aliie
349 3549 587 3616 testudinum
607 3549 829 3632 speciebus,
851 3554 888 3616 et
908 3547 1049 3616 adsunt
1066 3551 1215 3616 similae

175 3655 221 3718 in
243 3653 361 3722 ranis.
404 3655 535 3720 Nullas
553 3660 684 3719 autem
704 3653 1151 3745 glandulaelacrymalee
1172 3656 1218 3722 in

150 3781 153 3791 ’
175 3751 422 3836 serpentibus
448 3759 487 3818 et
504 3756 673 3837 piscibus
694 3755 958 3822 inveniuntur.

491 3977 497 3992 ³
557 3991 807 4018 m

279 4151 453 4224 cutiens
468 4134 563 4239 eegr.
590 4164 757 4233 runconia.
774 4165 814 4223 11·
831 4182 863 4240 r·
881 4165 933 4236 lta
955 4163 1059 4254 “⁴⁴⁷2
1101 4239 1103 4248 ,
1176 4176 1179 4192 ·
1209 4173 1214 4184 ’

895 4357 907 4390 t
