2946 5000
127 458 133 466 .
201 461 206 474 t
272 391 338 468 2⁶4
531 360 1130 484 mancerrrvpssersa·
1239 447 1258 462 ,⁶

141 523 144 530 Δ
275 526 567 622 sejunguntur,
596 553 664 620 per
678 527 872 617 margines
884 532 1235 618 etpalmasmanus
1247 527 1323 594 mi-
1361 565 1366 582 ·

139 635 156 668 ⁸
264 645 474 729 rigentur,
505 625 649 725 perque
667 638 959 726 operationem,
993 655 1090 724 quae
1107 635 1324 720 digitorum

275 767 347 832 ope
366 737 437 820 fii,
460 751 755 830 exasperentur;
779 743 976 832 contraria
998 747 1130 807 autem
1150 740 1201 806 sit
1218 741 1323 840 ratio

275 854 485 936 ubiparles
497 845 671 917 adlaetae
681 859 860 932 turgore,
892 846 1018 913 calore
1035 852 1073 910 et
1094 844 1324 912 ruboremi-
1433 849 1436 856 '

147 1013 151 1026 .
267 963 452 1026 ‘nuuntur
470 957 591 1048 (Klu
602 975 657 1043 ge
678 963 709 1036 ς.
731 955 841 1044 278.)

359 1119 1168 1208 Singularispraeteraaestenimadvarsio,
1191 1121 1326 1182 nostra

279 1251 430 1320 quoque
446 1230 846 1314 experientiasaepius
861 1231 1114 1304 confirmata,
1134 1223 1236 1310 quod
1255 1221 1326 1289 do·

272 1339 378 1408 iores
399 1332 602 1420 et‘spesmi
622 1336 797 1418 partium
823 1333 929 1398 decl
942 1335 955 1398 i
968 1354 994 1399 n
1008 1330 1084 1398 ari
1106 1349 1173 1415 seu
1191 1326 1323 1392 deri-

274 1443 385 1507 vari
405 1425 578 1524 possint,
600 1439 650 1504 id·
663 1440 765 1525 quod
785 1437 923 1524 digitis
941 1439 1003 1502 vel
1023 1434 1132 1520 apice
1151 1433 1325 1518 pollicis,

164 1607 173 1615 .
246 1550 249 1556 '
273 1550 342 1610 aut
364 1539 450 1628 ipsa
472 1544 594 1610 etiam
620 1545 709 1608 vola
732 1563 898 1632 manus,
919 1541 1025 1626 parti
1047 1539 1222 1604 adfectae
1246 1539 1324 1603 im·

272 1648 432 1732 positis,
452 1643 492 1713 et¹
509 1655 597 1730 post
607 1655 758 1730 tempus
777 1647 936 1733 aliquod
956 1646 1005 1711 ad
1018 1639 1322 1728 partesinl'erio.

274 1773 357 1832 res,
387 1757 426 1816 et
442 1752 474 1816 si
486 1750 573 1818 fieri
589 1758 737 1835 potest,
760 1751 891 1828 minus
902 1741 1052 1816 nobiles
1066 1747 1214 1826 ductis,
1235 1766 1323 1832 per·

275 1851 421 1972 bcitur.
623 1857 628 1870 “

294 2089 298 2094 ,
360 2001 428 2082 Hi's
451 2016 576 2084 modis
599 1970 1138 2102 insopitus'aomnambulus,
1167 2020 1232 2084 vel
1252 2037 1323 2082 sua

276 2127 413 2207 sponte
437 2120 619 2204 evigilat,
638 2126 723 2186 tum
736 2122 943 2208 praecipue
954 2165 967 2199 ,
987 2122 1058 2186 ubi
1078 2122 1218 2188 artifex
1239 2117 1323 2186 rna·

274 2245 347 2290 nus
368 2226 416 2290 ab
436 2245 479 2290 eo
505 2229 706 2302 removet,
734 2224 797 2286 vel
817 2243 910 2288 vero
931 2223 1157 2290 excitari
1186 2224 1323 2302 debet,

160 2342 163 2376 ⁵
274 2327 377 2411 quod
393 2326 475 2410 ipse
496 2345 573 2391 non
595 2345 683 2389 raro
706 2323 913 2391 desideret.
956 2325 1074 2391 Varia
1105 2333 1236 2392 autem
1261 2347 1322 2392 ra·

272 2430 385 2503 tione
409 2427 451 2494 id
477 2425 680 2512 peragitur
699 2447 807 2510 opus.
850 2427 1011 2493 Tractus
1035 2430 1140 2495 enim
1162 2428 1324 2497 celerio-

270 2552 356 2612 res,
379 2553 403 2596 a
420 2529 596 2614 partibus
615 2527 1018 2615 superioribueversue
1033 2525 1240 2596 inferiores
1251 2532 1323 2596 du-

273 2635 350 2714 cti,
378 2641 493 2716 saepe
510 2633 729 2712 sufficiunt3
751 2633 849 2697 alias
869 2631 1014 2708 'ductus
1042 2631 1183 2699 celeres
1205 2632 1324 2717 polli-

274 2739 330 2804 cis
352 2737 529 2820 margine
551 2734 697 2801 radiali
718 2755 742 2798 a
761 2720 917 2800 riarium
938 2729 1204 2802 radicevcrsus
1223 2742 1324 2802 tem·

272 2861 370 2925 pora
387 2840 491 2905 fiunt
501 2884 514 2917 ,
545 2843 584 2904 et
601 2839 771 2904 excitant
790 2859 920 2904 omnes
934 2846 1083 2905 tractus
1100 2839 1149 2904 iis
1169 2837 1324 2928 oppos‘i·

267 2942 316 3020 ti,
329 2943 467 3030 quibus
476 2921 971 3027 somnambulusinsopitus
980 2943 1071 3015 fuit.
1080 2931 1243 3010 Cautum
1253 2951 1317 3011 ta·

269 3066 360 3112 men
377 3055 449 3124 est,
462 3045 640 3112 ductibus
653 3045 855 3110 contrariis
868 3043 1108 3130 longioribus
1119 3053 1318 3114 somnam-

262 3147 380 3218 bulos
410 3149 599 3225 excitare,
632 3147 837 3236 siquidem,
856 3154 941 3215 tum
967 3149 1096 3216 subito
1129 3169 1241 3239 saepe
1274 3157 1316 3218 et

236 3317 244 3334 ,
275 3271 364 3344 cum
381 3271 525 3336 pavore
548 3250 758 3344 evigilent,
788 3251 1024 3336 angoribus,
1059 3253 1323 3319 convulsioni-

171 3393 173 3398 ,
273 3356 348 3420 bus
371 3361 409 3421 et
421 3357 512 3423 aliis
534 3351 780 3438 gravioribus
793 3356 1123 3440 symptomatibus
1135 3353 1322 3422 adlician-

274 3464 341 3523 tur
363 3453 482 3544 (lllu
494 3477 518 3542 g
531 3481 550 3523 a
575 3465 603 3538 §.
624 3471 699 3537 249.
712 3460 742 3543 ).
771 3458 951 3524 Manibus
963 3457 1129 3525 artificis
1143 3459 1266 3543 capiti
1280 3463 1322 3525 at

271 3560 511 3646 praecordiis
540 3561 812 3626 somnembulo
833 3561 1022 3638 admotis,
1040 3559 1197 3628 'etfacie
1218 3551 1320 3630 velo²

274 3657 377 3728 ciore
385 3664 512 3730 halitu
522 3662 689 3740 adflata,
708 3663 781 3727 iste
803 3649 964 3728 excitari
982 3666 1209 3754 frequenter
1229 3673 1321 3750 pot·

246 3839 251 3853 Ι
274 3771 332 3830 est
343 3810 355 3844 ,
377 3771 417 3832 et
437 3761 581 3834 sufficit
596 3783 710 3848 saepe
730 3764 990 3834 determinata
1001 3768 1166 3836 artificis
1185 3772 1321 3838 volun·

272 3869 350 3936 tas.'

356 4029 549 4098 Remaoet
567 4028 816 4116 potissimum
836 4009 1025 4106 molesta,
1050 4053 1136 4100 cum
1161 4033 1320 4132 lassitue

272 4129 364 4198 dine
383 4133 613 4212 coniuncta,
634 4131 676 4196 in
698 4129 1073 4212 excitatissensatio‚
1096 4137 1320 4224 ipsiquece·

229 4313 234 4332 .
269 4238 437 4305 rebralaa
456 4255 585 4304 sensus
606 4254 674 4326 per
694 4240 847 4323 tempus
869 4236 1021 4325 aliquot
1039 4242 1149 4308 velut
1166 4241 1319 4329 insopi-

1035 4508 1045 4548 l
