2888 4994
160 447 165 458 ,
281 394 343 462 rsa
386 381 535 501 lanus
555 383 648 448 car.
668 375 733 468 ΙΙΙ.Ι
757 383 816 453 De
841 365 1150 451 ereremum.
1163 397 1296 450 turer.
1326 437 1331 444 .

224 577 229 584 .
283 535 392 598 Gale
414 538 470 596 est
488 504 681 596 sententia
703 529 763 618 q),
785 550 809 591 a
826 529 1002 611 pluribus
1025 503 1110 611 jam*
1124 529 1326 615 scriptori·

280 635 528 716 bus'recepta
545 633 614 718 'r)=
638 651 807 694 massam
829 631 1235 697 cineream‘m'edullae
1259 652 1328 695 ve·

182 795 187 804 .
281 757 468 802 ramesse
493 739 719 809 matricem,
753 754 816 798 seu
841 733 1071 819 adparatum
1099 739 1330 802 nutricium.

280 839 460 924 Pugnant
481 831 550 923 pro
571 840 642 903 hac
663 833 847 922 opinione
874 837 1038 920 insignis
1071 839 1150 920 eius
1180 860 1333 904 massae

279 946 419 1026 eopia,
443 941 598 1026 ejusque
619 941 661 1003 in
677 943 843 1023 ec'o‘rpore
866 940 1047 1004 infantili
1060 944 1238 1016 ubertas,
1262 961 1333 1026 ag·

283 1045 460 1130 gregalia
483 1041 594 1105 illius
614 1040 655 1106 iu
676 1041 771 1104 locis
785 1028 805 1118 ,x
826 1039 894 1103 ubi
920 1059 1128 1106 nervorum
1149 1041 1333 1106 fasciculi

207 1165 209 1170 ·
235 1160 241 1174 ¹
288 1158 356 1210 aut
378 1141 500 1209 fibrae
517 1142 748 1232 medullatas
772 1145 973 1218 oriuntur,
1003 1131 1041 1206 el
1060 1145 1305 1240 gangliorum
1318 1183 1332 1219 ,

182 1323 185 1330 ,
284 1235 421 1316 neruos
447 1245 542 1311 adeo
553 1247 813 1310 nutrientium
826 1251 864 1309 et
880 1247 1130 1328 augentium,
1152 1253 1195 1308 ut
1213 1259 1257 1310 ex
1278 1243 1335 1310 iis

286 1357 436 1438 semper
458 1351 663 1420 crassiores
684 1357 721 1415 et
741 1349 1017 1434 frequentiores
1039 1350 1251 1434 prodeant,
1270 1350 1335 1416 in·

286 1458 392 1530 doles
417 1455 495 1539 (Μ.
521 1457 730 1541 175.184.),
758 1475 843 1518 cum
863 1453 1109 1518 'substantiae
1138 1453 1343 1520 corticalis-

284 1564 429 1626 natura
447 1557 660 1641 plurimum
682 1576 906 1642 congruens.
930 1556 1093 1634 Adcedit
1106 1556 1169 1620 hie
1183 1555 1334 1621 medul-

287 1668 350 1735 lae
369 1663 530 1747 spinalis
552 1647 724 1742 sabrina,
751 1681 854 1746 quae
874 1681 945 1756 prq
962 1661 1079 1726 sut'et
1100 1680 1330 1745 nervorum,

289 1771 384 1854 ques
397 1765 566 1830 dimittit
577 1765 806 1846 nutritione,
818 1786 965 1832 massae
979 1766 1153 1832 cinereae
1166 1769 1335 1852 quatuor

285 1869 501 1954 fasciculos.
514 1869 557 1934 in
577 1861 839 1934 medlo'tenet.

367 2012 528 2100 Videtur
549 1994 681 2080 tamen
698 2035 828 2080 massa
849 2015 998 2102 cinerea
1020 2020 1067 2084 ad
1087 2017 1331 2103 reproducti·

106 2111 111 2128 '
216 2185 219 2194 ,
275 2135 383 2206 ,vum
401 2115 761 2200 universicprporis
790 2137 1010 2201 processum
1036 2139 1230 2187 summum
1262 2119 1336 2182 ha·

289 2224 381 2290 bere
411 2219 638 2299 influxum‚t
657 2222 849 2308 siquidem
879 2211 1081 2308 tantopere
1110 2224 1335 2308 praevaleat

291 2329 335 2392 in
361 2323 594 2406 animalibus
612 2325 793 2390 ordinum
813 2326 1042 2404 inferiorum
1062 2325 1075 2412 (
1086 2334 1135 2406 §§.
1155 2338 1207 2408 43
1227 2326 1308 2408 44.)
1320 2367 1334 2403 ,

115 2516 117 2526 ¹
207 2459 209 2464 ·
293 2427 495 2512 omnisque
511 2417 758 2492 functionum
775 2419 1251 2514 vegetativar'umenergia
1267 2448 1336 2511 per

294 2530 517 2620 organicam
550 2533 784 2619 gubernetur
806 2533 1106 2603 sensibilitatem
1136 2533 1150 2617 (
1170 2527 1283 2620 9..,’86.
1304 2536 1335 2618 ).

291 2637 367 2702 Nec
391 2636 545 2718 penitus
568 2635 799 2722 negligenda
822 2642 879 2700 est
901 2637 1095 2718 oppositio
1120 2635 1337 2704 materialis

264 2745 334 2806 ¹et
361 2739 565 2811 antithesis
600 2739 830 2831 dynamica,
861 2758 957 2825 quas
978 2741 1090 2806 'inter
1113 2740 1339 2805 corticalem
1394 2745 1400 2754 ’

294 2851 335 2934 et
355 2842 605 2925 medullarem
623 2841 731 2928 viget
743 2845 885 2910 cerebri
907 2843 1167 2909 substantiam
1180 2843 1199 2926 (
1212 2850 1240 2922 §.
1261 2861 1338 2925 233.

293 2971 335 3016 n.
356 2966 387 3015 a.
409 2958 440 3027 ς.
462 2950 579 3036 suo.),
601 2948 841 3030 prolicienda
867 2938 1171 3034 imponderabili
1191 2943 1337 3013 biotico

295 3052 359 3136 (ς.
377 3063 451 3136 234.
462 3051 506 3137 ),
523 3055 589 3118 'vel
607 3056 651 3114 ut
672 3051 743 3114 alii
755 3053 913 3126 volunt,
932 3050 1174 3116 suscitandae
1187 3051 1340 3116 electri·

54 3175 70 3258 j
171 3199 176 3207 =
296 3157 410 3225 citati
432 3155 546 3223 vitali
567 3159 785 3250 opportuna
803 3160 868 3244 s).
881 3155 1026 3220 Dicunt
1049 3161 1178 3228 autem
1198 3155 1339 3244 hydro·

298 3258 459 3344 genium
480 3259 521 3323 in
552 3257 703 3323 cinerea
731 3277 856 3324 massa
887 3257 1132 3344 praevalere,
1151 3257 1341 3344 «redeoque

297 3340 477 3447 negativo
505 3381 590 3426 eam
613 3347 842 3444 responderle
870 3365 983 3446 polo,
1012 3362 1205 3448 siquidem
1228 3363 1341 3444 gela·

299 3465 426 3530 tinam
452 3465 667 3552 contineat,
698 3463 812 3549 alpali
836 3464 1004 3531 caustico
1022 3467 1139 3532 facile
1151 3468 1339 3540 solvatur,

297 3567 445 3652 frigore
464 3567 598 3645 co'e'at,
619 3568 823 3651 putredine
843 3585 994 3646 acorem*
1010 3569 1184 3644 evolvet,
1205 3568 1342 3652 globu-

301 3658 428 3740 losam
460 3673 642 3758 sequatur
676 3673 883 3762 praecipue
914 3674 1106 3750 formam,
1154 3681 1192 3739 et
1216 3671 1342 3756 pluri·

301 3795 411 3842 mum
432 3777 537 3841 inter
556 3786 686 3840 omnes
706 3775 873 3839 humani
907 3777 1080 3859 eorporis
1110 3781 1243 3861 partes
1277 3793 1342 3840 ex·

296 3879 499 3946 tralatione
535 3865 717 3953 amittat,
754 3877 872 3954 adeo,
921 3883 965 3944 ut
990 3879 1197 3968 ¹Barryo
1235 3884 1339 3946 teste
1374 3942 1377 3953 ,

298 3988 400 4078 24su5
419 3984 478 4048 sui
496 3980 676 4066 ponderis
695 3977 833 4063 perdet
854 3983 907 4064 t).

384 4111 606 4193 Substantia
644 4119 944 4187 medullatis
984 4119 1190 4224 interiores
1215 4120 1345 4204 pluri·

299 4253 407 4303 mum
428 4227 630 4298 constituit
648 4224 851 4312 encepheli
871 4234 1000 4315 parter
1010 4269 1025 4308 ‚
1048 4224 1345 4313 portionscine·
