2676 4994
70 388 168 460 seor.
190 353 316 456 stne
342 379 593 450 sustineris
619 383 738 448 uisu.
758 387 940 457 curreris.
979 397 1055 492 esp

102 525 255 590 Pneuma
266 530 456 605 veterum,
487 535 556 590 aut
568 525 726 609 spiritus
739 529 894 610 vitales,
914 531 1047 617 quiin

35 630 162 695 cerebro
184 631 389 712 parentur,
412 647 614 712 sensusque
637 633 674 690 et
691 636 820 694 motus
838 634 1044 710 suscitent,

36 733 187 796 Grcsuus
207 731 315 812 prius
332 732 383 809 (ι.
395 749 495 813 27.n.
511 736 585 815 ro.)
599 733 767 798 etmulti
780 735 943 815 altipert
959 757 1048 802 eum
1072 785 1077 800 ι
1096 719 1108 740 ”

32 834 209 916 scriptores
230 831 251 932 (
263 841 292 909 §-
312 850 366 914 3⁰·
382 853 420 896 n.
447 835 510 916 1.)
535 834 827 898 constituerunt.
849 835 1042 904 Plurimos

31 941 138 1000 autem
158 936 325 1000 fautores
348 953 393 998 ee
413 933 552 1000 habuit
574 934 729 1019 opinio,
759 955 835 1022 qua
864 940 1047 1006 credeba·
1146 1016 1150 1024 ¹

31 1041 91 1112 tur,
111 1057 244 1102 nervos
256 1033 465 1100 filamentie
480 1037 583 1140 capis
604 1039 799 1120 componi,
813 1057 910 1122 quse
923 1037 943 1104 l
951 1037 964 1105 l
977 1061 1001 1105 u
1014 1063 1044 1106 1

31 1135 114 1200 dum
133 1158 157 1202 n
170 1157 188 1200 e
201 1156 220 1199 r
233 1157 285 1200 ve
297 1155 321 1198 u
334 1155 373 1198 m
395 1119 633 1201 contineant
637 1179 649 1214 ,
679 1139 909 1206 sensationis
920 1131 959 1207 'et
970 1165 1049 1210 mo

30 1247 75 1304 tus
93 1239 319 1305 efficientem
348 1261 513 1308 causam
546 1242 737 1334 Dixerunt
757 1241 795 1310 id
816 1245 1011 1322 fluidum
1000 1271 1043 1315 ιιι

32 1342 159 1410 cerebro
180 1342 387 1424 praecipue
408 1344 564 1424 pareri,
587 1365 654 1425 per
674 1325 863 1414 alimenta
883 1328 1053 1416 adsidue

32 1439 234 1519 restaurari,
263 1449 322 1509 et
330 1443 522 1528 duplicem
542 1446 684 1510 habere
705 1456 879 1514 motum·
901 1469 1042 1530 uuum,

27 1549 76 1632 qui
95 1554 295 1633 perpetuus
317 1547 368 1612 sit
380 1588 393 1625 ,
422 1556 460 1612 et
481 1569 505 1612 e
528 1550 640 1614 corde
662 1548 848 1634 incipiat;
876 1555 1042 1638 alterum

29 1652 129 1716 multo
141 1649 397 1725 velociorem,
418 1667 485 1730 per
504 1647 654 1736 objecta
673 1657 831 1715 externe
852 1651 1043 1722 suscitan-

22 1756 122 1838 dum,
138 1758 178 1821 in
198 1753 353 1830 finibus,
366 1773 572 1826 nervorum
593 1752 841 1838 periphericis
855 1751 1045 1842 incipian«

28 1861 98 1936 tem,
118 1863 154 1926 et
172 1858 214 1921 in
239 1857 392 1921 cerebro
414 1854 666 1935 desinentem,
691 1863 758 1920 aut
781 1877 849 1940 per
868 1862 1041 1928 animam
1112 1863 1115 1869 ’

19 1961 284 2045 ¹concitandum,
316 1944 606 2046 oppositaque
593 1955 802 2028 directione
821 1981 1040 2050 propagau-
1072 1987 1075 1994 ¹

27 2059 110 2130 dum.

87 2210 285 2278 Adducunt
303 2231 374 2297 pro
365 2147 587 2278 firmanda
615 2231 659 2278 ea
678 2209 890 2298 hypothesi
922 2219 1035 2302 argu

24 2321 128 2380 menta
141 2318 279 2401 plura·
301 2316 447 2381 cerebri
462 2315 649 2381 fabricam
669 2317 902 2400 telemesse,
927 2326 970 2384 ut
980 2341 1039 2384 se

19 2417 183 2496 ,rernendo
196 2416 355 2484 cuidam
376 2418 528 2518 liquido
554 2418 803 2503 respoudeat,
825 2419 934 2504 eique
954 2439 1037 2486 sco-

17 2535 58 2605 po
76 2521 263 2606 sanguinis
284 2521 455 2605 copiam,
478 2521 639 2608 quaein
660 2519 764 2586 idem
785 2523 909 2595 fertur
925 2540 1037 2608 erga·
1080 2569 1084 2576 »

25 2643 104 2706 ron,
129 2647 209 2694 esse
229 2627 490 2705 destinatam
523 2627 683 2691 homine
708 2627 899 2712 vigilante
921 2626 1041 2714 liquis

25 2725 88 2793 lum
102 2749 286 2798 herveum
298 2729 483 2806 consumi,
505 2738 543 2794 et
554 2731 763 2795 restaurari
774 2749 1038 2814 pereomnum,

19 2849 135 2920 sperque
157 2855 310 2912 causae,
347 2835 532 2917 impetum
552 2833 755 2917 sauguinis
775 2853 905 2899 versus
928 2854 1033 2899 ence-

19 2935 157 3016 ¹phalum
179 2927 386 3026 augentem
417 2957 553 3004 nervos
574 2935 726 3002 omniuo
745 2956 855 3002 cavos
874 2957 952 3002 esse
967 2937 1036 3002 de·

17 3053 99 3127 geere,
118 3063 203 3114 cum
214 3044 520 3110 nutrienturetc.
546 3045 783 3126 Argumenta
796 3047 926 3106 eutem
937 3041 1036 3108 haec

19 3146 325 3232 :etmultesimilie
344 3141 485 3232 liquidi
498 3141 629 3210 ner-vei
643 3145 887 3210 existentiam
909 3145 1038 3210 nulla·

26 3249 104 3314 lenus
127 3251 391 3318 demonstrare
403 3249 548 3326 ,focile
562 3247 777 3336 intelliges,
797 3253 835 3313 et
852 3245 1042 3314 accedunt·

17 3347 101 3429 salia,
118 3354 255 3440 quibus
275 3375 320 3417 ea
340 3351 566 3438 hypothesis
585 3352 742 3434 penitus
763 3354 1033 3440 prosternitur.

17 3447 144 3521 ,Etenim
167 3445 320 3529 canales
331 3471 538 3522 nervorum
552 3451 808 3517 oculatissimi
820 3457 1033 3522 anatomici

17 3563 188 3644 ,tunquam
201 3561 473 3638 observarunt3
492 3557 617 3643 ipsum
630 3554 821 3640 liquidum
833 3577 1031 3640 nerveum,

17 3671 95 3727 nere
116 3659 436 3748 hypotheticum,
472 3674 585 3724 nemo
618 3677 789 3743 unquam
811 3658 933 3734 vidit,
964 3660 1030 3725 sed

20 3773 68 3822 Ὶ1196
82 3771 220 3852 nature
240 3765 318 3850 ejus
337 3764 388 3838 ab
409 3760 488 3828 ullo
515 3762 593 3856 eius
616 3761 769 3825 fautore
788 3759 950 3826 definita
969 3782 1031 3824 ex-

17 3858 99 3936 grtitit
112 3905 123 3942 ,
145 3865 249 3932 unde
270 3865 392 3952 aliqui
414 3882 620 3952 aquosum,
644 3862 927 3927 albuminoeum
957 3864 1030 3928 alii

17 3963 372 4054 ltmurilaginosum
394 3966 661 4043 declararunt,
690 3965 758 4028 alii
779 3965 931 4048 acidum
950 3968 1029 4046 spi-

17 4057 109 4143 filum
121 4115 132 4147 ,
153 4071 271 4137 alcali
291 4071 454 4142 volatile
477 4072 669 4146 oleosum,
698 4069 848 4132 atreum
872 4065 941 4129 elii
961 4075 1030 4133 aut
1102 4135 1108 4144 ,

21 4179 60 4243 5³⁸
72 4165 273 4253 nitrosum,
291 4170 351 4242 vel
362 4173 518 4261 spiritui
538 4173 622 4237 vini
641 4172 769 4235 simile
793 4159 1029 4237 e‘ssedocue·

21 4277 81 4338 aut
93 4299 103 4337 ι
117 4266 458 4363 deniqueluerunt,
469 4278 613 4372 quipro
635 4272 756 4346 fluido
769 4275 945 4345 electrico
956 4275 1025 4344 lra-
