2888 4994
268 97 282 146 0
405 95 408 104 .

265 369 314 468 ee
400 381 490 453 ιιι.
515 385 563 453 ΙΙ.
584 383 675 452 cer.
695 383 744 452 11.
763 385 823 452 Dr
844 397 948 453 voen
969 399 1022 454 rr
1046 401 1233 474 capuam.
1265 419 1270 426 -

265 551 369 622 gua,
390 525 622 596 mandibula
642 524 820 609 inferior,
842 527 990 608 denter,
1013 531 1208 615 palatum,
1231 531 1326 600 fau·

266 657 347 720 cea,
375 655 515 716 nares,
540 633 685 700 buccae
704 637 744 697 et
773 633 946 720 reliquae
974 636 1062 702 cavi
1087 639 1166 704 orie
1190 644 1323 726 parter
1386 621 1392 632 ’

247 742 594 808 adnumerantur.
646 738 792 804 Horum
823 739 930 804 enim
958 757 1193 826 organorum
1214 751 1323 824 motu

267 845 357 916 roni
374 839 704 926 intercipiuntur,
736 843 973 926 peculiarem
994 848 1196 932 accipiunt
1219 848 1323 916 dire·

267 951 464 1024 ctionem,
486 945 623 1030 utiam
637 947 732 1012 huic
744 945 824 1029 jam
834 945 950 1012 alteri
961 948 1178 1019 allidentur
1190 954 1320 1037 parti,

265 1061 307 1120 et
326 1055 369 1120 in
387 1051 520 1130 varios
545 1051 767 1118 formentur
797 1071 911 1118 sonos
941 1035 1169 1139 elgericus,
1202 1079 1321 1144 pecu·-

237 1153 408 1246 ,liarem
427 1153 584 1221 animae
605 1151 872 1241 significatum
898 1157 1160 1230 enunciantes.
1210 1159 1325 1225 Prin·

137 1297 141 1304 ·
265 1283 357 1349 cepe
381 1267 514 1328 tamen
543 1279 636 1345 para
662 1259 765 1326 inter
787 1259 962 1347 loquelae
992 1281 1138 1348 organa
1157 1259 1242 1350 ipea
1266 1269 1328 1334 eae

262 1372 447 1456 lingue
466 1369 524 1454 (ς.
547 1368 674 1454 274),
699 1368 886 1434 musculis
913 1368 1085 1454 propriis
1116 1376 1155 1438 et
1172 1374 1323 1442 oeeium

262 1473 525 1562 hyoideorum
543 1471 656 1538 varia
671 1471 826 1537 ratione
847 1472 1004 1539 mobilia
1016 1473 1051 1560 ⁹)
1064 1519 1077 1554 ,
1092 1494 1237 1564 auoque
1248 1487 1334 1542 vo·'

128 1623 131 1630 -
263 1577 442 1645 luntario
462 1582 573 1642 motu
591 1571 726 1640 vocem
754 1576 961 1660 praecipue
982 1577 1206 1647 articulare.
1251 1576 1318 1647 Li.

55 2979 59 2986 μ
126 3061 128 3068 ⁴
266 3047 339 3160 ate
364 3045 431 3118 ”).

169 1684 173 1698 '
264 1687 327 1748 cet
346 1681 467 1767 igitur
489 1683 619 1766 partae
640 1677 849 1745 ceteraeed
867 1679 1063 1764 loquelam
1077 1682 1246 1749 multum
1259 1686 1319 1751 sa-

264 1789 375 1854 cient
385 1834 397 1866 ,
420 1793 465 1854 ut
483 1787 578 1853 adeo
589 1788 639 1854 iie
652 1785 818 1852 adfectis
836 1788 946 1853 varia
959 1788 1241 1858 subnaecantur
1262 1793 1321 1856 lo·

265 1893 405 1982 quela'a
424 1892 549 1973 vitia3
580 1892 718 1978 lingue
736 1895 870 1957 tamen
891 1891 1081 1958 hactenus
1108 1896 1323 1979 praecipue

176 2057 179 2062 .
262 2004 325 2064 est
350 2017 459 2082 pare,
490 1999 535 2060 ut
560 2015 606 2069 ca
634 2010 865 2084 quocunque
886 1997 1005 2064 modo
1022 1997 1135 2090 ¹lacau
1157 2004 1226 2064 aut
1251 2021 1322 2086 per

237 2123 239 2134 ·
263 2105 447 2171 morbum
464 2104 642 2182 mutata,
662 2103 810 2171 vitiosa
827 2103 1040 2188 plurimum
1065 2105 1320 2172 reddaturlo·

264 2213 407 2300 quala,
429 2203 606 2297 paralysi
624 2225 715 2272 vero
741 2205 911 2288 adfecta,
934 2206 1036 2295 quod
1054 2229 1076 2273 a
1095 2208 1162 2286 vi,
1183 2207 1316 2276 nervia

264 2309 556 2381 recurrentibus
576 2313 645 2374 aut
662 2309 772 2396 vegia
787 2309 851 2393 (ς.
868 2323 945 2404 4303
959 2313 1003 2398 ),
1029 2312 1092 2376 vel
1104 2311 1318 2398 hypogloe-

265 2439 309 2485 eo
335 2416 451 2484 illata
467 2459 480 2495 ,
501 2411 565 2479 vel
582 2433 785 2498 euppreeea
796 2433 931 2480 eorum
943 2415 1144 2480 vitalitate
1160 2412 1321 2498 adcidit,

269 2521 443 2608 aphonia
462 2523 660 2604 aequatur.
707 2520 785 2584 ¹llec
812 2519 956 2604 itaqua*
973 2518 1163 2584 homines.
1182 2518 1321 2604 lingua
1399 2507 1403 2525 '

268 2624 398 2695 orbati
407 2665 425 2703 ,,
450 2621 527 2690 nisi
546 2623 744 2708 particula
769 2621 851 2708 ejus
872 2623 1061 2710 supersit,
1084 2627 1149 2688 aut
1167 2627 1320 2695 vicaria

267 2729 460 2832 quaedam
481 2750 649 2817 organa,
677 2745 775 2814 quae
792 2726 888 2794 aetia
905 2728 984 2795 eint
998 2728 1187 2809 mobilia,
1209 2727 1321 2816 loqui

200 2881 202 2888 ,
266 2841 448 2920 possunt,
466 2840 601 2920 estque
620 2831 730 2901 omui
741 2830 783 2898 in
798 2851 906 2911 casu,
929 2833 999 2899 uhi
1021 2833 1209 2900 notabilia
1232 2831 1319 2910 eiua

267 2938 406 3023 organi
429 2921 607 3021 perditur
627 2931 779 3022 portio,
811 2933 1155 3022 loqueladilllcilie
1169 2945 1208 3004 et
1226 2937 1321 3004 viti·

351 3201 522 3266 Alterum
542 3198 718 3284 loquelae
740 3198 1025 3266 adminiculum
1043 3199 1269 3288 ,eatpeych
1282 3199 1313 3265 i·

268 3321 386 3372 cum.
409 3299 1163 3396 ·Requiriturenimratiouiahumanae
1175 3303 1320 3368 adcor·

267 3415 354 3474 tum
372 3406 536 3494 gradum
551 3407 744 3492 perlectae
764 3427 856 3492 ueue
866 3452 877 3488 ,
908 3426 951 3498 ac
975 3406 1143 3472 aliarum
1163 3412 1319 3472 menta·
1403 3391 1405 3409 '

266 3513 368 3582 lium
388 3512 661 3597 operationum
684 3512 898 3597 superioria
915 3509 1064 3576 ordiuia
1084 3510 1322 3596 energima

269 3615 406 3681 anime
431 3613 538 3680 ideae
556 3614 737 3702 gignere,
758 3605 903 3702 haeq'ue
926 3613 1030 3699 ipsae
1052 3612 1142 3688 aliie
1165 3621 1315 3682 morta-

266 3723 371 3790 libus
385 3741 455 3808 per
474 3722 587 3808 aigne
604 3720 825 3810 eymbolica
843 3719 1151 3805 communicare,
1175 3727 1214 3787 et
1233 3705 1325 3790 mer-⁵

266 3831 330 3892 tue
350 3827 526 3910 partium
552 3824 761 3912 requisitae
787 3822 979 3890 ‘suscitare
1006 3823 1149 3888 valeat.
1193 3827 1247 3890 Ex
1268 3845 1315 3892 eu
1419 3819 1422 3826 ’

264 3930 390 4017 igitur
409 3937 487 4013 eet,
517 3927 619 4016 quod
641 3928 760 3993 bruta
779 3927 989 4012 animalia,
1007 3930 1319 4019 licetperlectio·

248 4057 311 4118 ¹ra
321 4038 456 4123 lingua
474 4031 671 4121 gaudeant
687 4038 749 4100 eat
766 4033 902 4100 mobili
924 4043 985 4114 a),
1009 4039 1167 4126 loquela
1194 4036 1314 4102 dasti-

260 4147 448 4217 tuantur,
478 4137 582 4225 quod
602 4137 774 4203 infantes
790 4139 876 4223 pari
897 4159 1099 4226 progressu
1120 4141 1231 4228 loqui
1241 4113 1315 4204 'dl-

261 4254 392 4334 ceant,
417 4267 492 4340 quo
516 4243 806 4316 intellectualee
829 4249 1061 4320 evolvuntur
1085 4246 1314 4332 facultatee,

1156 4349 1278 4444 qued·
1306 4421 1309 4428 ,
