2888 4994
274 339 364 465 aa.
422 392 510 459 Ina.
532 389 579 458 Η.
600 391 693 458 oar.
716 389 763 458 11.
782 367 842 456 Da
863 401 967 458 voca
991 407 1042 458 ar
1065 409 1255 478 coquam.

183 589 193 610 „
297 537 379 621 jam
399 534 595 614 diximum
618 555 697 600 non
717 533 910 600 tameniia
927 518 1170 606 adsbntimur
1183 542 1346 628 scripto-

298 629 427 714 ribua,
451 639 519 724 qui
541 643 581 702 et
599 631 797 722 loquelam
815 639 1084 728 congenitam,
1113 650 1152 708 et
1172 645 1347 730 humano

297 743 430 828 generi
440 739 750 810 velut‘divinitue
761 739 998 808 instillatam
1010 745 1174 812 tradunt
1184 749 1239 832 ‘).
1258 751 1346 816 Tri·

296 851 387 914 buit
406 853 537 914 autem
559 852 724 912 naturae
737 843 1057 913 auctorhumano
1068 852 1347 939 generiaupre·

296 973 381 1020 maa
402 949 544 1018 mentia
566 936 773 1016 facultates
793 955 834 1014 et
854 951 1019 1015 rationis
1032 952 1193 1018 liberum
1215 977 1259 1020 ac
1281 978 1348 1022 vo-

212 1048 217 1056 ’
295 1055 513 1122 luntarium
534 1073 648 1118 usum
670 1073 757 1118 cum
778 1055 917 1118 cetaria
929 1055 1105 1141 loquelae
1123 1057 1346 1126 adminicu-

294 1165 343 1252 lis
367 1166 429 1249 (§.
450 1174 526 1240 aar.
540 1167 579 1248 );
601 1159 750 1225 indidit
770 1165 972 1243 praeterea
990 1161 1145 1228 homini
1163 1165 1345 1232 docilita-

292 1271 374 1328 tem
397 1263 613 1329 maximam
624 1268 672 1354 ‚at
683 1258 1141 1345 niaumauiperfectionie
1149 1309 1162 1343 ,
1184 1273 1229 1330 ut
1243 1259 1342 1357 adeo

292 1369 490 1453 loquelam
518 1369 582 1434 vel
608 1365 806 1443 invenire,
840 1368 903 1430 vel
926 1367 1078 1433 imitari
1100 1377 1274 1456 potuerit
1297 1397 1363 1444 ac.

292 1473 483 1539 debuerit.
526 1471 771 1538 Soliaautam
790 1472 947 1536 vocibus
968 1470 1227 1558 inorganicie,
1259 1497 1343 1543 cor·

262 1655 269 1663 ¹
291 1579 395 1662 poris
417 1583 456 1640 et
477 1576 652 1661 partium
675 1576 845 1658 gestibus
870 1573 1065 1653 infantes,
1097 1577 1215 1644 donec
1231 1581 1343 1668 loqui

289 1679 537 1758 condiscant,
559 1697 646 1742 euoa
657 1677 907 1741 manifestent
919 1697 1049 1743 censue
1067 1685 1105 1744 et
1116 1681 1221 1772 ideae
1232 1729 1244 1761 ,
1265 1704 1338 1749 nec

292 1781 455 1847 dubium
468 1787 551 1861 est,
573 1779 787 1854 hominem,
806 1779 874 1864 qui
887 1785 995 1844 extra
1006 1783 1229 1849 societatem
1244 1785 1340 1851 ado-

290 1884 429 1970 lescit,
455 1883 623 1969 genuina
647 1881 806 1972 destitui
827 1881 999 1966 loquela,
1023 1884 1145 1970 iisque
1156 1877 1253 1969 ip'aia
1275 1887 1340 1950 uti
1391 1959 1397 1970 ι

288 1988 422 2072 signia·
464 1988 585 2052 Ponat
606 1985 719 2050 modo
742 1986 870 2085 plures
880 1986 1057 2069 homines
1070 1988 1268 2055 solitarios
1288 1990 1333 2055 in

288 2087 452 2176 parvam
483 2087 692 2154 coalescere
723 2089 969 2153 societatem:
1002 2097 1130 2156 nonne
1162 2091 1340 2158 sentient

289 2181 402 2268 mox,
426 2177 681 2257 neceesarium
709 2192 787 2256 sibi
808 2212 886 2256 asae
900 2235 913 2274 ‚
942 2197 987 2256 ut
1014 2193 1121 2258 ideae
1145 2216 1334 2283 aeneaque

288 2318 358 2366 aua
382 2303 519 2388 mutuo
536 2294 612 2360 eibi
635 2293 896 2379 patefaciant,
930 2316 1050 2382 eaque
1073 2297 1185 2386 signa
1214 2303 1337 2367 mini-

288 2419 349 2464 me
362 2396 528 2482 ampliue
540 2394 718 2464 sufficere
731 2395 746 2461 ,²
771 2400 967 2464 Conantur
976 2397 1069 2464 hinc
1079 2401 1186 2466 aliud
1197 2423 1239 2466 ac
1252 2423 1336 2468 ma·

286 2507 346 2592 gis
371 2481 554 2568 idoneum
581 2495 758 2572 invenire
786 2497 1093 2585 adminiculum
1123 2505 1337 2586 adnertunt

284 2607 389 2674 vocis
412 2627 456 2672 ac
479 2606 653 2691 loquelae
674 2625 819 2692 organa
839 2625 907 2670 auo
919 2601 1074 2690 penitus
1095 2609 1254 2675 obedire
1273 2629 1337 2674 ar·
1368 2663 1376 2682 .

287 2711 436 2787 bitrio,
460 2709 638 2775 animant
655 2708 847 2800 halitum,
877 2710 1068 2796 eduntque
1094 2731 1205 2776 voces
1227 2731 1338 2796 orga-

283 2816 417 2891 nicae,
441 2819 479 2879 et
504 2813 669 2898 iungunt
681 2819 804 2876 certas
816 2833 902 2877 cum
914 2811 1053 2879 iisdem
1075 2813 1171 2880 ideis
1184 2837 1228 2880 ac
1249 2837 1336 2881 aen-

283 2917 500 2987 eation'ibue
518 2929 653 2992 voces,
677 2921 722 2980 ut
739 2912 836 2980 adeo
857 2913 1028 3001 singulus
1052 2935 1075 2978 a
1096 2915 1247 3001 singulo
1268 2919 1332 2984 in·

283 3019 507 3104 telligatur,
538 3024 578 3083 et
601 3015 725 3102 quivis
747 3016 858 3102 signa
879 3035 924 3081 ea
946 3017 1097 3083 imitari
1117 3020 1332 3090 condiscat.

281 3124 486 3210 sicigitur
507 3122 612 3198 inter
633 3137 774 3203 pueros
795 3116 1013 3197 solitarios,
1047 3122 1190 3208 absque
1208 3127 1334 3211 magi·

283 3233 391 3308 etro,
414 3223 549 3310 lingua
570 3225 665 3286 nata
685 3220 764 3285 ruit
777 3220 843 3308 9⁸)
855 3261 866 3298 ,
890 3227 929 3286 et
948 3222 1000 3288 sic
1022 3244 1154 3293 omnes
1173 3227 1329 3314 linguae

281 3325 507 3414 primitivae
521 3321 797 3390 exortaafuiae'e
809 3325 940 3391 credar
954 3366 966 3402 ,
988 3329 1158 3395 multum
1171 3332 1330 3417 quidem

282 3435 331 3500 ab
345 3431 462 3496 initio
474 3427 734 3512 imperfectae,
752 3447 820 3511 per
832 3427 1059 3495 diuturnum
1073 3434 1214 3499 sociale
1227 3453 1330 3502 com·

281 3520 473 3600 mercium
496 3529 654 3597 tandem
678 3549 766 3596 cum
787 3528 874 3615 ipsa
892 3523 1046 3600 ration'a
1065 3531 1249 3606 excultas.

292 3689 296 3698 '
366 3695 565 3786 Quidquid
585 3695 707 3780 igitur
736 3696 891 3764 dicatur
913 3695 959 3763 da
988 3697 1169 3786 lingua
1197 3702 1332 3788 aliqua
1371 3723 1378 3730 ·
1413 3757 1417 3766 .

279 3826 334 3892 pr
345 3803 359 3868 i
370 3803 462 3868 mit
474 3803 520 3869 iv
531 3823 554 3866 a
576 3821 619 3865 ac
641 3800 939 3884 antiquissima,
955 3799 1014 3867 ¹in
1027 3822 1102 3891 qua
1120 3804 1332 3873 elemento·

279 3927 367 3978 rum
389 3901 616 3990 (vocalium
639 3908 676 3967 et
698 3903 1020 3992 consonantium)
1046 3907 1240 3973 eumanum
1268 3907 1330 3975 vi·

281 4016 371 4100 goat
405 4004 709 4094 aequilibrium,
748 4004 856 4093 cujus
887 4027 999 4074 vocas
1030 4007 1207 4093 singulae
1239 4029 1329 4078 cum

281 4113 378 4181 idaia
391 4107 470 4176 suia
491 4106 710 4172 necessario
729 4106 951 4192 jungantur,
973 4129 1109 4198 eaeque
1130 4108 1330 4184 liberrima

283 4210 587 4306 exprimento),
606 4205 721 4298 atqua
733 4210 782 4280 ab
803 4208 887 4298 ipro
899 4211 1032 4283 divino
1042 4213 1202 4284 numine
1218 4233 1331 4281 reve·
