2904 5002
310 395 376 468 428
443 397 448 408 '
588 385 671 454 tn.
690 345 738 454 u.
760 383 850 451 cir.
869 379 926 450 lv.
942 381 1142 450 Dusausu.

309 535 397 607 det,
429 527 533 616 paria
568 527 785 596 minoribus
804 527 1043 594 linstruitur.
1100 526 1203 592 Baria
1224 527 1347 594 nuclei

312 621 473 713 cavata,
498 635 713 699 numerosis
740 633 996 701 foraminibus
1009 673 1020 709 ,
1055 633 1197 720 quibus
1219 653 1351 696 nervo·

310 759 400 807 rum
419 738 566 806 surculi
577 738 864 815 admittuntur,
887 739 1105 824 perforata,
1128 736 1276 799 meatui
1287 753 1351 800 au·

311 841 456 907 dilorio
489 841 645 907 interno
665 842 890 930 opponitur.
934 843 1037 921 Aper
1058 859 1146 903 vero
1170 836 1350 913 modioli,

310 947 355 1012 in
381 946 630 1031 acypbum
661 943 1118 1029 (infundibulum)
1143 940 1352 1024 dilatatur,

296 1047 523 1114 cavitatem
551 1047 790 1133 peculiarem
815 1047 1074 1124 formantem,
1097 1063 1351 1128 nervaamqua

298 1151 573 1218 -aubetantiam
596 1171 664 1238 per
682 1153 879 1220 foramina
898 1150 1054 1232 pariter.
1066 1147 1350 1216 admittentem.

310 1245 514 1323 Clauditur
525 1257 607 1341 ejus
620 1255 864 1322 infundibuli
878 1275 988 1337 apex,
1011 1254 1161 1337 apicem
1175 1252 1353 1320 cochleae

310 1361 573 1441 constituent,
604 1382 733 1428 massa
753 1380 863 1427 osaea
890 1361 1109 1437 fornicata,
1145 1377 1257 1446 quam
1284 1377 1352 1424 cu·

308 1467 483 1557 putam
509 1467 643 1535 dicunt
662 1465 713 1556 1).

389 1610 498 1676 circa
509 1611 607 1678 bunc
621 1609 848 1691 modiolum,
859 1615 1048 1694 tanquam
1060 1605 1351 1687 circumlatum,

308 1727 396 1778 can
409 1713 506 1778 alie
532 1715 802 1790 cochleae,
844 1712 1107 1778 semitertium
1136 1713 1352 1778 anfractum

296 1817 524 1898 absolventi,
546 1817 605 1882 ita
631 1826 819 1906 gyratur,
843 1824 887 1882 ut
907 1818 949 1881 in
966 1816 1207 1882 auredextra
1230 1836 1354 1882 vereue

309 1923 512 1999 dextram,
538 1927 577 1986 et
597 1922 788 1987 contrario
800 1921 916 1986 ductu
930 1919 1073 1985 inaure
1085 1919 1250 1985 sinistra
1269 1937 1353 2004 aga·

309 2030 386 2090 tur.
432 2026 499 2089 Eat
523 2029 654 2090 autem
673 2025 705 2089 ie
725 2023 872 2089 canalis
891 2043 959 2107 per
979 2029 1130 2107 neptum
1149 2032 1351 2110 gyratum,

293 2115 633 2213 quod-lamina
659 2127 885 2212 spiralie
912 2126 1033 2204 audit,
1055 2127 1349 2214 inmeatucapi·

308 2228 410 2292 ralee
426 2226 519 2291 duoe
529 2271 541 2306 ,
562 2248 644 2292 cca
656 2231 669 2293 l
681 2249 731 2294 aa
744 2229 868 2298 dictos
882 2271 895 2303 ,
917 2227 1098 2299 divisum.
1126 2231 1235 2296 Scala
1249 2251 1354 2316 eupe-

308 2329 390 2397 rior
402 2335 442 2395 et
451 2333 654 2418 angustior
663 2333 704 2399 in
716 2334 955 2428 vestibulum
965 2337 1087 2417 patet,
1096 2332 1197 2398 unde
1211 2357 1235 2398 v
1248 2356 1289 2399 ea
1298 2341 1313 2399 t
1323 2333 1352 2396 i·

307 2436 419 2502 buli
448 2455 493 2504 ec
507 2440 590 2505 ala
609 2439 766 2520 dicitur,
787 2440 950 2506 inferior
963 2461 1059 2506 vero
1072 2446 1111 2505 et
1122 2441 1290 2526 amplior
1309 2439 1354 2504 ad

308 2542 522 2608 fenestram
544 2543 757 2610 rotundam
788 2544 872 2609 cavi
892 2545 1098 2632 tympani,
1131 2548 1352 2614 membrana

305 2648 488 2732 tympani
510 2649 739 2718 secundarie
754 2654 925 2716 clausam
944 2647 990 2733 (ς.
1005 2647 1118 2734 mn),
1141 2651 1300 2732 desinit,
1317 2655 1352 2716 ct

305 2755 562 2839 compellatur
574 2778 621 2822 ec
637 2759 684 2823 al
695 2779 719 2822 a
741 2742 991 2843 tympani.
1005 2759 1181 2841 Aguntur
1195 2779 1262 2824 eae
1277 2777 1352 2824 eca-

304 2859 366 2924 lae
377 2860 484 2941 priua
502 2859 604 2925 circa
624 2858 850 2935 modiolum,
873 2864 911 2923 et
924 2860 1203 2927 continuantur
1226 2837 1345 2927 altero

306 2963 394 3048 gyri
408 2961 576 3028 dimidio
596 2963 638 3028 in
661 2953 801 3027 cavum
823 2961 1086 3042 infundibuli,
1115 2962 1156 3028 in
1169 2983 1243 3050 quo
1256 2961 1349 3030 desi·

303 3074 418 3145 nunt,
430 3072 469 3132 et
489 3067 659 3158 invicem
671 3066 964 3132 communicant
974 3067 1044 3152 m).
1067 3067 1211 3152 Incipit
1223 3069 1349 3155 itaque
1385 3139 1387 3155 ,

304 3167 738 3254 apiraliclaminaintra
748 3169 1345 3260 utriunqueecalaeinitiumffiy·

305 3277 416 3339 ratur
427 3274 652 3342 semialtero
671 3275 849 3343 anfractu
863 3275 965 3340 circa
981 3274 1213 3367 modiolum,
1238 3277 1347 3345 etde·

298 3374 399 3442 ainit
421 3376 596 3442 anfractu
617 3377 737 3444 tertio
757 3377 798 3444 in
816 3378 976 3465 scypho,
998 3376 1157 3448 fineauo
1176 3381 1287 3448 ham
1300 3401 1341 3446 u·

303 3478 404 3544 lum
422 3477 607 3546 subtilem
630 3484 669 3576 et
689 3499 899 3547 recurvum·
916 3479 1133 3548 formando.
1177 3483 1344 3551 Nectitur

305 3581 454 3648 lamine
473 3582 607 3648 eadem
626 3603 713 3650 cum
732 3583 933 3662 modiolo,
955 3585 1081 3670 quiin
1101 3607 1194 3654 cavo
1218 3591 1344 3656 infun·

303 3683 432 3753 dibuli
457 3689 573 3754 colu
586 3707 624 3752 m
637 3708 655 3750 e
666 3688 737 3752 lla
750 3707 789 3752 m
813 3709 831 3752 e
853 3685 930 3756 fine
951 3709 1019 3754 euo
1032 3689 1223 3769 dimittit,
1248 3693 1344 3757 circe

304 3806 421 3883 quam
446 3791 638 3856 scalarum
655 3789 696 3854 id
716 3775 974 3873 sepimentum
993 3795 1107 3876 porro
1129 3793 1313 3866 flectitur.

386 3928 452 3993 Est
473 3932 604 3994 autem
626 3927 776 3994 lamina
796 3897 951 4016 spiralie
971 3931 1019 3996 ad
1042 3932 1202 4000 initium
1218 3938 1342 4014 latior,

304 4048 426 4116 eoque
453 4028 654 4113 angustior
676 4049 762 4097 cum
787 4031 967 4097 cochleae
993 4035 1120 4100 canali
1141 4029 1339 4113 ‘redditum

304 4151 378 4211 quo
397 4132 542 4227 scypho
562 4130 721 4217 propior
739 4132 799 4202 fit.
844 4137 1001 4200 Constat
1024 4135 1171 4204 lamina
1196 4141 1336 4215 eadem,

275 4265 280 4276 =
300 4238 348 4303 ut
367 4233 727 4304 celtcoruouarrr
741 4243 779 4304 et
799 4237 1074 4310 senuerant
1094 4243 1337 4313 ostenderunt
