2904 5002
203 373 319 438 sacr.
342 369 407 445 111.
430 372 489 438 Da
508 343 1066 438 vrso.111.v1srs'rxrns1r10.
1128 322 1190 454 391

140 517 373 581 Saurnuucn
397 511 715 598 nuperlexpoeuit
742 510 796 595 l),
817 531 946 578 sensus
965 511 1195 580 muscularia

143 621 378 695 constituit,
401 637 476 703 quo
500 615 642 680 conscii
659 613 858 681 reddimur
878 617 923 682 de
940 617 995 692 vi,
1019 636 1094 702 qua
1113 617 1195 699 pel·

138 721 365 794 lucidarum
378 720 480 786 oculi
499 717 670 802 partium
692 719 1000 796 convexitatem,
1020 725 1060 782 et
1078 719 1196 784 facile

138 825 265 894 etiam
295 820 470 905 'pupillae
505 816 833 902 amplitudinem,
868 820 1103 904 objectorum
1135 818 1194 889 di·

139 928 316 1004 stantiaa
339 928 691 994 adcommodamus.
707 928 744 1010 5)
765 924 937 1012 Denique
959 927 1115 991 censent
1133 943 1195 988 ar·

139 1031 358 1097 bitrariam
389 1031 583 1098 oculorum
610 1028 887 1108 directionem,
920 1033 997 1116 qua
1025 1047 1112 1092 axes
1135 1023 1196 1088 vi·

142 1134 272 1204 aionis
293 1135 506 1212 uniuntur,
530 1128 873 1202 adaestimandam
897 1129 1124 1196 distantiam
1137 1130 1197 1192 fa-

145 1259 232 1302 cere
250 1281 260 1314 ,
284 1237 476 1322 siquidem
495 1236 525 1302 ii
536 1259 624 1302 axes
637 1258 681 1302 eo
705 1236 857 1300 minore
875 1239 1017 1320 angulo
1032 1237 1170 1299 noiant
1182 1275 1196 1312 ,
1240 1299 1242 1306 .

143 1358 225 1426 quo
247 1339 618 1420 objectaremotiora
641 1345 743 1404 sunt.
767 1338 849 1402 Uno
862 1345 995 1404 tamen
1005 1337 1114 1403 oculo
1128 1338 1196 1400 ob·

143 1443 340 1522 jactorum
376 1443 606 1506 distantiam
626 1443 724 1505 bene
747 1440 955 1508 aestimant
974 1441 1196 1520 monoculi,

146 1553 190 1610 et
213 1547 344 1610 solent
373 1545 555 1629 nonnulli
578 1529 744 1609 alterum
769 1542 885 1630 plane
909 1546 1086 1611 claudere
1107 1565 1196 1620 ocu·
1248 1577 1252 1594 s

142 1643 255 1723 lum,
281 1651 324 1709 ut
337 1667 502 1711 errorem
522 1647 661 1712 vitent·
692 1646 833 1712 Omnia
855 1653 987 1713 tamen
1014 1649 1110 1714 haec
1128 1646 1194 1714 ad-

143 1748 362 1824 minicula,
387 1748 548 1816 diversis
573 1751 794 1837 ceteroquin
819 1751 986 1820 obnoxia
1008 1754 1195 1818 mutatio·

146 1851 289 1930 nibus,
309 1851 373 1916 vix
396 1850 596 1920 sufficiunt
621 1853 667 1918 ad
687 1855 889 1920 evitandos
904 1876 1051 1940 errores
1069 1859 1111 1923 in
1137 1861 1195 1924 di·
1245 1934 1250 1946 ⁸

144 1946 358 2036 judicanda
370 1955 605 2038 objectorum
618 1956 805 2034 visorum,
826 1961 1077 2050 remotiorum
1091 1979 1198 2046 prae·

146 2060 285 2142 cipue,
313 2060 522 2141 distantia,
549 2067 688 2152 estquis
712 2061 891 2144 longiore
918 2083 988 2128 usu
1023 2083 1137 2148 opus,
1159 2071 1197 2130 et

144 2166 350 2248 frequente
374 2184 503 2230 sensus
525 2163 751 2229 muscularie
780 2183 866 2227 cum
888 2166 991 2231 visus
1012 2168 1194 2234 exercitio

147 2263 437 2346 adsociatione,
470 2275 515 2330 ut·
538 2285 740 2350 corporum
762 2266 969 2332 distantiae
990 2271 1197 2344 aestimare

145 2372 367 2451 discamus,
392 2369 494 2458 quod
507 2371 677 2434 infantae
702 2369 912 2436 ostendunt
931 2376 969 2436 et
991 2371 1094 2438 caeci
1106 2411 1118 2448 ,
1138 2371 1195 2436 vi-

142 2493 233 2538 sum
254 2475 520 2556 recuperantes
540 2472 593 2556 g).

230 2613 251 2674 S
265 2611 342 2677 itu
356 2633 394 2677 m
417 2631 545 2678 rerum
569 2619 813 2680 externarum
826 2613 910 2679 visu
924 2611 1194 2697 dijudicamus,

142 2715 348 2782 adsociata
366 2722 490 2782 motus
512 2716 600 2782 idea
617 2737 703 2784 cum
724 2720 810 2785 idea
839 2719 966 2796 visus3
990 2723 1095 2782 tactu
1118 2719 1191 2802 igi·

141 2825 208 2883 tur
235 2825 271 2883 et
292 2822 502 2884 masculari
529 2840 667 2899 sensu,
685 2821 829 2904 quibus
852 2842 964 2886 verus
988 2807 1195 2906 corporum

143 2913 247 2988 situs
267 2924 379 2988 nobis
397 2925 624 3007 innotescit,
648 2927 956 3006 cooperantibus.

235 3065 426 3140 Motum
451 3066 614 3152 denique
645 3071 714 3128 aut
740 3064 961 3150 quietem
988 3081 1191 3146 corporum

149 3169 414 3247 advertimus,
437 3171 525 3236 dum
542 3173 651 3242 oculo
668 3169 744 3234 fixo
759 3167 951 3250 objectum
974 3166 1196 3236 intuemur}
1286 3145 1306 3172 ι’

130 3283 234 3352 ,tum
263 3277 367 3340 enim
403 3274 643 3362 quiescentia
664 3275 812 3357 obiecta
841 3273 883 3337 in
911 3269 1013 3336 idem
1042 3273 1192 3339 retinae

147 3385 335 3464 punctum
350 3382 532 3448 continuo
545 3380 714 3444 incidere
735 3381 1004 3457 observamus;
1029 3383 1066 3442 at
1080 3377 1194 3441 debe·
1250 3451 1253 3458 1

44 3505 48 3518 ·
149 3505 235 3570 mus
253 3485 412 3550 visionis
432 3504 541 3548 axem
562 3485 603 3547 in
630 3483 710 3554 alia
730 3481 854 3567 spatia
873 3482 1101 3558 transferre,
1124 3481 1194 3548 ubi
1242 3495 1245 3505 ·

148 3596 395 3672 conspectum
419 3588 612 3672 objectum
632 3591 809 3650 movetur
822 3607 843 3662 ς,
857 3589 919 3656 val
941 3586 974 3650 si
985 3586 1094 3651 oculo
1113 3584 1192 3650 fixo

144 3708 261 3771 porro
284 3679 510 3768 ἰῐιῐιιοπιιπ,Ι
525 3688 721 3756 radiorum
743 3687 996 3754 incidentium
1011 3687 1193 3752 directio-2

143 3810 236 3862 nem
257 3792 594 3858 mutarihactenus
608 3790 862 3870 advertimus,
874 3788 975 3875 quod
994 3789 1192 3868 objectum

148 3901 298 3969 motum
321 3897 445 3978 magis
459 3897 521 3960 vel
533 3895 660 3960 minus
679 3896 863 3964 distincte
880 3877 1096 3980 rideamus.
1117 3896 1189 3960 Di·

149 4000 361 4065 rectionem
374 4004 503 4062 autem
519 4004 648 4062 motus
660 3997 708 4062 ad
734 4000 858 4064 latera
870 4016 941 4080 per
960 3996 1086 4061 ideam
1105 4017 1186 4062 mo·

147 4107 212 4172 tue
226 4099 325 4164 oculi
337 4097 769 4182 propriidisrernimuss
786 4119 977 4165 recessum
992 4119 1084 4164 vero
1101 4119 1187 4164 cor«
1259 4141 1261 4150 =

148 4223 287 4286 porum
302 4224 324 4276 a
339 4201 470 4274 nobis,
494 4202 555 4267 vel
573 4201 773 4274 adcessum¹
784 4201 831 4276 ad
851 4219 921 4266 noe
940 4219 1008 4284 per
1020 4200 1189 4298 admin13

150 4306 260 4387 cula,
285 4307 425 4394 quihus
451 4304 681 4375 distantiam
707 4304 1186 4406 corporumlaestimamus,
