2888 4994
386 377 501 446 sacr·
520 377 567 444 11.
585 378 650 456 Da
672 394 865 464 coquens.
1117 387 1160 466 85
1201 435 1205 448 .

33 571 35 582 .
111 519 213 588 ideae
237 519 539 600 coordinantur,
579 523 791 590 memoriae
814 525 1095 610 imprimuntur
1118 532 1159 592 et
1227 517 1230 526 ’

110 632 229 696 clarae
248 630 487 728 redduntur,
510 631 668 722 ipseque
689 634 869 709 animus,
890 633 1064 700 sensibus
1086 631 1155 698 ob·

109 733 224 798 scurie
246 733 419 813 deditus,
433 737 541 804 etin
562 742 689 802 motus
710 737 853 832 feraces
869 735 1156 820 proclivis,mi-

112 840 280 921 tigatur,
312 839 412 906 liber
443 845 482 906 et
504 847 683 909 constans
710 839 897 908 redditur.
938 843 1158 926 iunguntur

111 943 238 1029 itaque
251 943 409 1010 vinculo
424 945 690 1012 indissolubili
701 947 880 1033 loquela,
905 947 1004 1012 ratio
1022 951 1061 1011 et
1071 937 1158 1012 a'ni·

111 1047 159 1110 mi
184 1048 340 1132 cultus,
369 1053 414 1114 ut
432 1048 532 1114 adeo·
557 1047 662 1114 surdi
685 1055 724 1114 at
748 1047 872 1126 muti,
901 1047 1018 1114 donec
1047 1047 1158 1135 loqui

111 1149 337 1238 edocentur,
370 1153 523 1218 ratione
553 1151 633 1220 sint
662 1152 863 1232 infantili,
898 1161 937 1221 et
956 1154 1154 1221 brutalem

109 1253 182 1354 lars
202 1255 382 1322 habeant
402 1257 526 1321 animi
543 1257 734 1346 ferociam
750 1257 797 1340 s).
1066 1231 1083 1260 Ι

194 1377 300 1442 Esne
325 1385 457 1444 tamen
493 1379 663 1446 advertit
690 1354 851 1446 Hunuan
871 1375 936 1467 g),
958 1375 1155 1464 loquelam

109 1485 378 1570 imperfectum
402 1509 481 1556 erse
506 1487 785 1572 adminiculum
813 1489 980 1556 rationis
1004 1493 1044 1552 et
1067 1487 1156 1552 vin·

112 1591 206 1668 culi,
230 1591 334 1678 quod
345 1591 523 1660 homines
535 1591 577 1660 in
588 1597 766 1660 mutuam
777 1599 898 1676 ponat
910 1591 1156 1658 intellectua-

110 1691 180 1762 lem
215 1699 545 1784 'conjunctionem-
588 1702 741 1768 Etenim
771 1701 908 1784 lingue
935 1699 1045 1766 nulla
1078 1697 1157 1764 exi.

111 1801 193 1878 stit,
220 1823 321 1890 quae
341 1825 400 1869 rea
420 1804 525 1888 ipsas
545 1805 762 1890 exprimat,
780 1823 913 1870 verum
938 1801 1065 1868 omnis
1084 1821 1156 1868 no·
1263 1845 1267 1854 »

113 1903 215 1970 mina
238 1913 395 1974 tanturn
419 1909 573 1974 exhibet
585 1951 597 1988 ,
629 1897 837 1975 arbitrario
864 1928 1047 1974 consensu
1070 1927 1156 1972 cum

114 2027 236 2075 rerum
256 2011 420 2078 notione
441 2013 596 2096 juncta,
627 2017 667 2077 et
683 2011 903 2078 nullatenus
925 2010 1156 2077 necessaria.

114 2113 160 2180 Ex
175 2139 220 2182 eo
243 2119 370 2205 igitur
393 2124 472 2196 eat,
495 2110 597 2208 quo'd
610 2119 710 2186 ratio
730 2119 903 2186 bumana
922 2119 1026 2204 ipsas
1047 2117 1156 2184 baud
1290 2171 1296 2184 ,

114 2227 312 2302 cognoscat
333 2242 415 2302 rea,
441 2241 574 2286 verum
596 2223 815 2308 symbolica
837 2227 1055 2298 tantum‘et
1075 2241 1155 2290 non

114 2317 298 2390 intuitiva
319 2323 612 2409 signa-vocibus
634 2343 809 2408 expressa
831 2327 987 2400 teneat,
1015 2320 1155 2408 bisque

113 2421 198 2506 ipsis
221 2425 357 2494 anima
373 2432 507 2492 nostra
529 2429 669 2512 cogitet
689 2445 731 2507 ac
751 2425 1008 2490 ratiocinetur
1021 2423 1152 2510 signis.

117 2527 307 2610 Quantum
329 2542 461 2600 autem
483 2531 660 2618 loquelas
688 2529 784 2594 insit
810 2525 1034 2612 arbitrarii,
1064 2525 1154 2596 co'n·

113 2636 387 2706 troversiarum
408 2661 452 2706 ac
471 2639 766 2710 contentionum
784 2638 979 2724 exempla,
1002 2623 1026 2700 e*
1040 2655 1154 2702 voca-

114 2734 288 2808 bulorum
308 2741 418 2807 vario
442 2762 512 2807 usu
543 2748 582 2806 et
604 2741 723 2806 abusu
745 2744 852 2816 orta,
883 2741 1061 2824 ipsaeque
1081 2733 1154 2801 sci·

115 2840 230 2912 antias
254 2841 719 2934 maximeimpsdientia,
742 2839 965 2906 ostendunt.
1010 2835 1153 2920 Quodsi

117 2962 177 3016 uec
206 2950 378 3017 intuitus
412 2968 480 3033 per
511 2947 705 3034 loquelam
732 2946 821 3012 aliis
848 2943 1154 3022 communicari,

97 3067 177 3126 „nee
197 3055 362 3126 theoria¹
375 3073 474 3139 pura
492 3054 610 3123 aliter
633 3071 749 3140 quam
770 3051 874 3128 notis
900 3049 1153 3138 symbolicis,

119 3172 220 3224 sensu
243 3157 454 3225 arbitrario
473 3158 637 3236 sumtis,
659 3163 697 3222 et
713 3175 824 3240 saepe
838 3155 1020 3222 inanibus
1039 3150 1153 3218 condi

114 3263 269 3339 possint,
285 3281 372 3328 cum
382 3262 415 3328 H
427 3286 446 3328 e
459 3261 510 3330 rd
521 3281 540 3326 e
551 3281 569 3324 r
582 3281 602 3324 ο
625 3259 855 3346 credendum
867 3257 973 3330 nobis
988 3259 1062 3335 set,
1078 3254 1152 3318 hu·

118 3375 268 3432 manum
291 3385 409 3466 gequa
422 3387 493 3432 nec
504 3365 593 3450 puri
608 3363 797 3446 intuitus,
818 3385 887 3430 uec
901 3383 1022 3449 purae
1041 3357 1153 3426 theo·

116 3461 187 3530 riae
210 3469 308 3560 satis
328 3489 447 3552 capax
467 3489 557 3538 esse.
598 3467 1154 3555 Videturitaquenaturasau-

117 3570 187 3634 ctor
215 3572 406 3638 sermonis
432 3573 684 3652 facultatem,
719 3579 907 3660 tanquam
929 3565 1165 3668 restrictum·

118 3673 274 3740 rationis
293 3673 575 3742 adminiculum
595 3675 758 3762 largitus
780 3673 891 3756 nobis
904 3671 1044 3748 fuisse,
1072 3675 1116 3736 ut
1129 3689 1153 3732 a

119 3777 384 3863 metaphysicis
404 3779 535 3860 potius
558 3785 761 3846 avocemu'r
776 3777 1019 3851 ratiociniis,
1047 3771 1153 3852 sapi·

74 3881 79 3892 “
120 3879 235 3946 entiae
258 3886 388 3946 autem
410 3881 624 3948 babeamus
653 3879 918 3968 praesidium,
952 3894 1151 3942 concessae

112 3985 337 4060 ¹perfectioni
359 3989 398 4050 et
416 3987 523 4054 vitae
541 3985 724 4054 felicitati
734 3987 829 4054 satie
841 3980 1149 4052 adcommodum.

203 4132 243 4198 Α)
260 4129 311 4184 Fr.
337 4125 557 4186 SCHLEGEL:
576 4127 653 4186 liber
670 4125 866 4204 diadpraclra
880 4143 912 4186 u,
932 4119 1150 4180 Weiabaildar

156 4289 157 4294 Ν
179 4213 292 4278 ludicri
309 4213 441 4295 Tibine.
461 4221 541 4282 aas.
561 4221 591 4284 s.
606 4247 642 4269 -·
658 4211 885 4278 wmruua's
903 4208 1040 4287 ely-101.
1057 4210 1099 4274 u.
1115 4229 1149 4292 p.

187 4309 242 4432 lli·
263 4311 372 4387 §05492
461 4317 464 4326 ⁴
