2888 4994
243 295 284 368 ¹5

286 285 305 348 ⁶
345 342 436 412 ιιι.
454 344 500 412 Π.
516 345 606 446 car.
628 343 693 412 111.
712 342 772 410 Dr
790 356 957 412 srsrrsr.
976 359 1248 444 rrrvaurer.
1330 329 1336 340 ’

240 475 453 571 incedunn
475 491 742 560 destituuntur
760 492 834 564 hae
856 491 1047 574 valvulis,
1067 499 1158 558 sunt
1185 501 1299 559 tene-

231 614 307 658 rae
319 639 331 675 ,
360 602 399 661 et
428 596 580 662 arteriis
603 595 829 680 ampliores,
853 603 891 662 et
909 599 1057 661 abeunt
1080 599 1123 662 in
1134 598 1299 662 sinuum

238 705 355 764 uenas
376 699 426 780 (§.
436 701 547 784 446).
559 701 626 764 Est
636 697 766 767 eutem
787 703 884 770 adeo
902 701 1080 785 expedita
1090 703 1156 766 via
1169 723 1217 768 ex
1229 723 1298 766 ars·

186 845 191 864 ,
239 803 512 874 ter-iiscerebri
533 805 576 868 in
588 823 733 884 venas,
752 812 797 871 ut
818 807 987 892 liquores
1000 806 1209 888 ‘prioribus
1232 804 1297 870 in·

241 903 336 988 jacti
353 905 395 969 in
405 906 477 973 hes
490 949 502 986 ,
515 903 636 991 inque
663 907 768 972 sinus
779 909 897 972 facile
915 914 1122 973 transeant
1141 909 1214 992 el..

183 1053 185 1060 '
261 1101 271 1140 ¹.
323 1037 543 1126 Utilitatem
573 1062 607 1126 si
636 1069 851 1145 spectemus
875 1037 1098 1156 sanguinis,
1130 1076 1200 1143 per
1231 1079 1296 1150 ce-

225 1163 397 1230 'rebrum
416 1166 570 1232 adsidue
583 1169 821 1235 transeuntis
832 1169 957 1246 „haec
968 1167 1110 1250 triplex
1131 1165 1295 1232 omnino

207 1269 660 1350 estrmechanic'a,
685 1270 1297 1356 chemicaetdynamica.

157 1421 161 1434 .
227 1365 483 1440 Machanicus
509 1363 843 1462 e'nimsanguinis
876 1373 1066 1460 impulsus
1097 1357 1298 1438 cerebrum

100 1561 101 1568 ἵ
178 1555 184 1563 .
240 1479 492 1557 alternatim,
519 1487 558 1546 et
580 1479 737 1568 quidem
757 1480 1009 1566 synchronice
1029 1498 1115 1542 oum
1136 1475 1298 1563 sinistro

239 1583 366 1649 ¹cordis
381 1585 595 1649 ventriculo
606 1587 663 1649 ita
675 1593 830 1664 movet,
852 1590 896 1648 ut
918 1583 987 1648 sub
1008 1580 1123 1662 huius
1143 1584 1292 1667 systole

110 1691 116 1722 s
206 1711 209 1718 ·
242 1687 459 1752 adtollatur
495 1694 534 1753 'et
558 1687 699 1754 allidet
731 1683 773 1752 in
810 1705 935 1754 osseos
966 1686 1088 1752 cranii
1102 1687 1296 1780 parietes,

236 1787 308 1850 sub
330 1785 491 1854 diastole
512 1810 603 1854 vero
627 1791 814 1858 subsidat.
835 1790 1070 1854 Observatur
1091 1788 1123 1852 is
1136 1793 1293 1866 motus,

238 1890 388 1972 apulsu
410 1891 662 1969 arteriarum,
681 1893 832 1957 cerebro
847 1891 1108 1974 subiectarum
1131 1890 1292 1954 suscita-

240 1996 326 2070 tus,
346 1993 387 2055 in
398 1993 558 2082 homine
578 2001 617 2060 et
636 1993 761 2072 brutis
774 1994 1009 2086 animalibus
1021 2013 1197 2082 semper,
1222 1993 1296 2062 uhi

242 2092 391 2158 cerebri
410 2113 497 2178 pars
520 2095 650 2159 cranio
664 2097 812 2162 nudata
825 2096 983 2162 obtutui
1001 2093 1229 2178 exponitur,
1253 2097 1293 2156 et

238 2191 284 2258 in
306 2197 552 2279 pulsantibus
581 2193 789 2284 puerorum
809 2199 1025 2266 fonticulis.
1051 2197 1291 2262 Arteriosum

245 2305 379 2368 eutem
397 2304 497 2368 hunc
523 2287 670 2369 cerebri
704 2311 875 2386 motum,
900 2303 1096 2386 ¹veteribus
1123 2301 1202 2384 jam
1226 2319 1289 2363 co-

243 2407 400 2490 gnitum
418 2409 489 2492 s),
510 2429 531 2472 a
543 2407 743 2474 nonnullis
755 2393 1110 2492 vbroecriptoribus
1134 2405 1197 2489 (V.
1208 2405 1236 2467 1.
1248 2425 1285 2486 p.

243 2507 323 2592 89.)
348 2509 395 2573 ab
418 2509 691 2574 irritabilitate
713 2508 830 2573 durae
859 2507 1052 2595 meningis
1083 2505 1292 2591 repetitum

241 2608 305 2694 g),
327 2630 396 2696 pro
409 2611 849 2695 suscitandaencephali
870 2599 1147 2677 vitaliectione
1168 2603 1293 2673 necesi-

239 2711 387 2778 sarium
401 2781 404 2804 1
419 2713 578 2780 omnino
599 2735 696 2792 esse,
731 2699 893 2780 Brcrsr'
921 2713 1096 2796 pluribus
1119 2709 1291 2777 ostendit
1329 2765 1343 2808 ·.

154 2863 160 2878 .
241 2817 514 2900 experimentis
526 2820 583 2906 h).
609 2820 761 2884 Etenim
774 2823 884 2884 motu
903 2818 976 2882 illo
995 2817 1089 2902 (per
1110 2809 1288 2881 cranium

223 2921 471 3008 'depressum
494 2929 563 2991 aut
588 2945 656 3008 per
684 2922 850 2990 effusum
882 2919 1074 3007 quendam
1100 2916 1291 2988 intra'ce-

239 3043 336 3090 vum
369 3026 494 3091 cranii
523 3027 758 3116 humorem)
778 3027 992 3112 impedito,
1022 3024 1163 3091 cerebri
1200 3027 1290 3116 fun·

243 3130 392 3194 stiones
404 3135 713 3216 supprimuntur,
738 3130 1003 3197 restituendae
1018 3131 1142 3195 causis
1164 3131 1290 3195 suble·

241 3230 317 3305 tis,
336 3239 485 3324 motum
504 3223 1073 3320 eumcohibentibusDeligate
1085 3231 1126 3294 in
1140 3243 1214 3294 uno
1225 3233 1288 3294 vel

241 3337 286 3400 in
304 3343 467 3425 utroque
489 3339 816 3418 laterecarotide,
851 3351 955 3404 mors
973 3356 1054 3402 non
1075 3335 1289 3416 inducitur,

242 3467 331 3514 oum
357 3447 501 3538 arteria
542 3451 769 3518 vertebralis
802 3471 867 3535 par
902 3467 1031 3514 ramos
1066 3437 1287 3510 o'ommuni·

244 3556 377 3634 santes
400 3553 628 3637 sanguinem
659 3557 702 3620 in
723 3546 926 3620 universas
950 3548 1096 3616 cerebri
1126 3548 1318 3614 arterias

240 3656 435 3739 propellet
464 3658 519 3742 i)·.
551 3658 585 3722 si
610 3679 702 3726 vero
725 3658 892 3722 arteriae
913 3637 1286 3719 vertebrales'simul
1363 3720 1367 3728 ,

239 3759 510 3827 rescindantur
521 3763 586 3826 vel
596 3763 753 3832 viriculo
766 3760 1104 3844 co'nstringantur,
1132 3755 1282 3822 subita·

246 3883 321 3930 nea
344 3867 519 3953 sequitur
540 3883 656 3933 mors·

324 4007 448 4072 Debet
469 4014 601 4094 autem
622 4007 655 4072 is
669 4007 813 4096 cerebri
833 4012 971 4072 motus·
986 3962 1129 4088 justam
1141 3957 1284 4094 habero

217 4131 222 4184 ;
239 4107 522 4187 intensionem,
542 4119 588 4176 ut
598 4111 842 4176 suscitandae
853 4107 968 4176 viteli
978 4105 1153 4190 energiae
1176 4099 1282 4168 debi-

239 4216 288 4290 to,
301 4213 543 4300 respondeat.
572 4214 611 4282 si
632 4214 733 4280 euim
752 4212 1036 4282 nimius'fuerit
1047 4252 1059 4292 ,
1081 4203 1284 4294 encephali
