2904 5002
204 361 316 428 sicr.
334 358 391 429 1v.
402 363 464 432 Dr
483 375 642 428 suorro.
665 361 694 432 Ι.
714 375 873 430 onssm
889 381 1070 438 nunrros.
1115 381 1182 459 loe
1221 446 1231 456 ,

77 495 86 506 ”
144 503 481 587 ιιιίιιοιωῑοοιίος
518 507 731 592 inspissete
772 493 944 578 tinctura
984 512 1196 596 spirituose
1243 548 1246 564 ·

149 613 355 680 materiem
383 612 573 710 relinquit
614 613 805 700 profunde
837 615 1007 681 aurentii
1036 619 1196 696 coloris,

143 715 387 784 amarissimi
415 721 589 804 soporis,
621 721 873 788 consistentia
904 728 942 785 et
962 719 1076 784 odore
1099 728 1198 786 tere·
1222 749 1226 758 ¹

146 819 358 886 biuthinse
376 821 758 907 enelogem,resinee
770 823 861 888 bilis
877 823 975 902 (vol.
989 826 1044 888 111.
1055 827 1091 908 p.
1106 827 1197 908 126.)

54 921 56 926 ’
146 907 405 994 simillimam.
433 925 544 992 Petet
563 933 708 995 eutem·
722 948 767 993 ex
769 928 939 1032 enolysi
966 928 1197 1008 cremium

145 1025 401 1115 Vsopuurn
389 1034 572 1102 institute
581 1077 594 1112 ,
612 1053 792 1100 cerumen
812 1039 1010 1120 constare.
1028 1035 1196 1100 albumi-

148 1153 222 1213 ne,
238 1138 321 1201 oleo
334 1136 515 1222 edrpoeo,
540 1135 952 1218 meterieextrective,
975 1156 1071 1222 quse
1095 1137 1199 1202 colo·

38 1291 41 1298 .
66 1325 70 1336 ι
112 1319 115 1330 .
146 1239 205 1306 ris
228 1248 265 1306 et
276 1262 465 1308 emoreris
483 1250 539 1309 est
553 1263 705 1319 cause,
702 1252 819 1309 notro
835 1250 872 1308 et
885 1242 986 1307 celte
1004 1241 1198 1326 phospho-

146 1345 230 1440 rice
247 1347 309 1430 n).
334 1347 492 1412 Summe
520 1346 639 1411 etiem
670 1346 853 1432 unguinis
858 1347 986 1412 istius
1012 1344 1198 1410 adfinitas

57 1469 60 1476 ’
150 1433 240 1514 cum
262 1452 343 1516 brie
357 1459 439 1516 tum
454 1469 607 1534 exrpsrs
622 1452 852 1517 const1tuvrs
871 1452 1049 1534 pertibus
1067 1457 1199 1534 petet,
1299 1485 1302 1494 <

148 1559 269 1619 turno
288 1555 566 1622 secretionibus
583 1555 660 1621 sibi
679 1554 1023 1640 respondentibus.
1035 1537 1194 1620 etenim

146 1654 394 1735 homines,
382 1681 422 1726 sn
447 1661 586 1746 quibus
613 1660 767 1778 copiose
794 1664 832 1723 et
849 1660 946 1724 bene
972 1659 1089 1722 miste
1106 1656 1197 1722 bilis

147 1763 383 1836 secernitur,
402 1763 602 1828 abundare
624 1755 821 1827 cerumine
844 1781 974 1826 emero
997 1765 1036 1822 et
1057 1779 1200 1824 euren-
1239 1803 1242 1810 -

148 1866 246 1952 tipci
260 1865 397 1932 coloris
416 1867 558 1945 solent;
580 1867 672 1930 bilis
689 1863 901 1930 secretione
926 1869 1053 1930 eutem
1076 1863 1198 1946 impe-

149 1970 255 2049 dite,
275 1989 452 2037 cerumen
471 1969 666 2059 liquidum
686 1972 791 2049 iere,
812 1985 1005 2049 aerosum,
1026 1965 1197 2031 albumi-

131 2085 285 2139 'nosum
306 2082 374 2140 eut
391 2095 591 2142 mucosum
615 2081 693 2139 es'se
716 2075 841 2140 suevit
863 2076 916 2163 o).
951 2075 1111 2140 Videtur
1134 2093 1192 2137 ce-

146 2177 313 2248 ruminis
335 2178 757 2264 secretiopecu'lierem
788 2179 932 2243 hebere
962 2179 1197 2242 relationem

143 2283 194 2346 ed
215 2283 467 2361 secretiones,
495 2279 653 2364 quaein
679 2301 770 2348 oure
804 2281 959 2345 interne
984 2275 1191 2342 accidunt·

145 2383 392 2470 phlogisticis
414 2385 520 2449 enim
545 2384 746 2451 abundans
773 2404 950 2450 cerumen
980 2385 1023 2448 in
1043 2378 1195 2467 opposi·
1203 2427 1224 2478 3

147 2489 256 2554 tione
268 2489 398 2554 existit
410 2507 496 2552 cum
509 2486 739 2554 humoribus
755 2467 945 2574 oxygonio
964 2487 1195 2564 ditioribus,

146 2594 314 2660 inseris
345 2592 595 2660 interioribus
622 2592 825 2659 exhalatis.
875 2574 1040 2658 Emollit
1061 2593 1101 2660 id
1123 2611 1194 2658 un·

144 2715 248 2780 guen
266 2699 468 2780 presteree
487 2696 661 2762 conulem
681 2699 1023 2762 membranaceum
1044 2701 1192 2760 mestus
1300 2761 1317 2792 g

147 2805 331 2884 ascetici,
352 2803 513 2888 mitiget
537 2805 688 2870 sonitus
714 2804 1004 2890 impressiones,
1029 2808 1067 2868 et
1091 2807 1196 2868 ercet

144 2927 309 2993 corpore
328 2907 546 2994 peregrine.

231 3069 517 3135 Membrana
537 3069 771 3153 tympani
796 3090 819 3133 e
840 3065 946 3134 dicto
965 3035 1112 3132 annulo
1133 3085 1193 3131 os·

146 3190 212 3242 seo
233 3175 477 3255 continetur,
499 3172 800 3272 ovellsliguree,
824 3176 867 3240 in
886 3170 1193 3238 edultohomine

54 3289 57 3299 ¹
146 3280 390 3360 aierelinees
404 3277 594 3344 diametro
613 3278 785 3346 maxime
805 3278 847 3363 (e
868 3279 1064 3361 superiore
1081 3283 1193 3360 porte
1307 3277 1314 3288 ‘

145 3381 195 3448 ad
217 3383 445 3448 inferiorem
468 3373 714 3466 mensurate)
746 3399 915 3468 sequens
937 3382 997 3465 p)
1026 3379 1192 3466 Obliquo
1275 3451 1277 3458 ,

66 3525 68 3532 ›
148 3486 297 3552 mertui
316 3491 518 3569 praetensa
537 3485 632 3550 haec
653 3486 902 3566 membrana,
926 3477 1102 3573 r'nergine
1129 3505 1193 3550 su-

146 3589 298 3672 periore
320 3589 504 3672 angulum
512 3589 719 3668 obtusum,
742 3591 928 3656 inferiore
950 3589 1192 3656 scutumfor

136 3691 245 3758 'met
267 3677 378 3756 Parte
391 3691 574 3760 inferiore
594 3701 809 3762 extrorsum
834 3700 1191 3788 perumper'c'onceo

147 3814 223 3873 ve,
241 3796 450 3860 introrsum
471 3816 560 3861 vero
583 3817 775 3880 convexa,
795 3799 987 3883 superiore
997 3818 1101 3888 vero,
1115 3817 1192 3884 quo

147 3901 254 3966 intus
273 3900 398 3965 brevis
420 3900 553 3964 mellei
573 3917 768 3984 processus
786 3901 945 3989 haeret,
977 3907 1212 3968 extrorsum*

37 4063 39 4074 .
145 4001 365 4088 prominet,
387 4009 425 4068 et
435 4001 488 4066 sic
502 4001 773 4095 dictumumb
789 3993 929 4071 onem
952 3999 1108 4072 formet.
1119 4006 1189 4070 Est
1218 4027 1222 4036 ·

146 4103 243 4172 hoec
268 4106 497 4170 membrano
516 4108 667 4185 tenuis,
688 4108 883 4192 pellucide
893 4155 914 4194 ,Ι
928 4109 1189 4188 firmetamen

47 4301 51 4309 Ι
147 4215 187 4276 et
208 4209 393 4276 hactenus
414 4214 544 4290 tense,
572 4215 617 4276 ut
638 4213 720 4278 elisi
739 4218 905 4316 utreque
934 4215 1036 4282 fecie
1065 4216 1188 4284 conti·
1276 4303 1280 4306 -
