2904 5002
195 423 197 428 -
236 385 237 390 ’
284 395 351 472 413
542 377 631 448 1013.
650 370 698 446 11.
727 371 981 464 Csr.1V.Dn
1014 391 1149 448 sensu.

286 537 477 609 malibus,
500 537 647 620 quanto
677 528 915 595 distinctiora
939 529 1109 624 gaudent
1135 550 1254 610 vooe3
1275 529 1336 597 ‹le-

287 647 406 730 niqus
426 636 600 712 adcedit,
628 635 725 720 quod
739 633 877 698 clarius
896 632 1077 700 audiatur
1090 638 1251 720 propris
1263 657 1334 702 vox

289 767 382 813 aure
409 749 566 808 externa
592 739 800 818 obturata,
839 735 1016 823 quodque
1044 737 1096 815 ii,
1128 741 1206 825 ,qui
1243 739 1360 816 muti¹

289 854 382 917 sunt
400 845 678 923 anativitate,
711 857 778 927 per
807 861 917 906 nares
957 842 1063 927 loqui
1093 844 1269 927 soleant,
1297 853 1339 910 ut

175 983 187 996 ³
289 957 378 1018 aire
391 971 522 1016 versus
534 949 651 1013 tubas
664 946 810 1010 udum
825 941 981 1024 adacto,
998 963 1131 1009 vocem
1142 948 1338 1030 propriam

155 1085 163 1095 ·
227 1047 233 1060 ’
290 1055 430 1122 melius
450 1045 736 1136 percipienti).
760 1049 1043 1130 impugnarunt
1063 1047 1165 1113 hanc
1187 1052 1338 1134 opinio-

290 1177 381 1224 nem
403 1155 487 1219 cell.
501 1159 767 1234 Aurnnnin‘ru
782 1155 819 1214 et
834 1149 1257 1231 Kdunznsstatuentes,
1274 1151 1337 1218 du.

288 1255 434 1350 plicam
453 1265 609 1326 tantum
623 1279 709 1325 esse
722 1256 828 1323 viam
839 1300 852 1335 ,
877 1275 951 1343 qua
972 1257 1059 1321 soni
1073 1260 1121 1322 ad
1134 1278 1267 1323 aurem
1278 1259 1340 1323 in·
1361 1337 1370 1351 ,

289 1374 445 1432 ternam
476 1353 726 1448 pertingente
759 1361 892 1426 aurem
920 1365 1145 1442 externam,
1170 1383 1254 1428 ossa
1281 1383 1340 1426 ca-

288 1465 382 1553 pitis
402 1474 440 1532 et
458 1468 628 1551 corporis
649 1463 845 1542 universi,
868 1464 1069 1548 ipsamque
1097 1464 1237 1528 tubam
1258 1464 1339 1528 ido·

290 1591 407 1639 neam
428 1569 555 1633 minus
578 1587 656 1631 essa
678 1565 726 1632 sd
747 1563 1020 1650 propagandos
1039 1583 1164 1634 sonos.
1198 1567 1339 1632 Dicunt

187 1713 191 1722 ι
290 1679 517 1759 praeterea,
537 1669 671 1740 surdos
694 1689 798 1754 esse,
822 1669 890 1752 qui
911 1668 1108 1760 obstructa
1131 1669 1229 1734 tuba
1248 1669 1339 1732 alie-

164 1843 169 1856 ,
290 1765 388 1843 nam‘
406 1793 540 1841 vocem
561 1794 641 1838 non
669 1772 856 1854 audiunt,
877 1770 1076 1854 propriam
1097 1776 1228 1874 tamen
1248 1771 1339 1836 bene

249 1943 253 1952 ,
292 1878 594 1963 distinguentes,
628 1876 733 1942 sonis
765 1895 834 1962 per
862 1893 949 1940 ossa
978 1872 1117 1960 capitis
1151 1895 1337 1962 propage·

265 1985 344 2054 'tis
365 1982 443 2066 m).

375 2142 536 2212 Videtur
559 2136 690 2210 autem
714 2143 821 2212 haud
845 2144 985 2212 unicus
1015 2165 1093 2210 esse
1119 2143 1202 2231 ejus'
1224 2148 1336 2214 tubae

291 2266 401 2324 usus,
424 2245 693 2313 utFasniosus
716 2249 772 2312 ab
794 2250 1227 2335 Aequapendente
1246 2249 1335 2314 olim

291 2351 372 2436 jam
397 2350 553 2430 docuit,
572 2356 612 2413 st
634 2350 703 2416 oei.
717 2351 920 2444 Sbrnuucsc
943 2369 1065 2432 nuper
1088 2353 1259 2416 ostendit
1274 2350 1339 2437 n),

291 2459 341 2518 ut
369 2449 464 2516 adeo
493 2452 616 2515 statui
637 2453 782 2534 possit,
824 2471 909 2517 eam
940 2454 1217 2520 restaurationi
1240 2451 1335 2519 airis

294 2551 465 2631 interni,
489 2549 1038 2648 ponducendissonisexternis
1060 2561 1099 2619 et
1122 2557 1227 2622 vocis
1257 2575 1340 2640 pro-

292 2657 416 2741 priae,
441 2660 558 2740 atque
582 2653 804 2720 derivandis
824 2677 845 2718 e
866 2676 959 2722 cavo
970 2660 1153 2740 tympani
1171 2657 1341 2724 humori·

290 2763 363 2830 bus
387 2759 624 2825 destinatam
648 2777 737 2822 esse.
781 2747 969 2824 Ultimum
995 2768 1135 2836 antem¹
1159 2783 1269 2829 usum
1299 2781 1340 2825 sa

291 2852 520 2948 comprobat
542 2859 787 2944 observatio,
808 2862 911 2946 quod
942 2862 985 2927 in
1019 2863 1189 2932 foetibus
1220 2865 1336 2932 amuii

291 2967 423 3053 liquor
442 2984 509 3050 per
532 2983 620 3056 eum
639 2962 814 3028 canalem
831 2964 873 3028 in
884 2968 1065 3050 tympani
1087 2987 1224 3034 cavum
1242 2969 1337 3032 fera·

290 3077 381 3151 tur,
410 3071 479 3157 qui
503 3074 661 3153 apertu
680 3088 748 3152 per
772 3070 876 3134 viam
900 3070 1061 3136 eandem
1095 3069 1345 3148 eliminatur,

298 3170 479 3260 quodque
493 3191 606 3255 saepe
623 3169 665 3240 in
682 3157 827 3237 adultis
846 3173 966 3238 etiam
981 3173 1206 3260 contingat,
1228 3181 1271 3241 ut
1282 3170 1341 3237 sd·

162 3331 165 3340 Δ
297 3274 487 3340 cumulati
504 3273 686 3340 humores
708 3294 778 3358 per
789 3275 928 3341 tubam
942 3275 1140 3360 profluant
1157 3324 1168 3363 ,
1196 3293 1268 3366 quo
1280 3293 1339 3340 au·

173 3368 179 3389 ¹
293 3377 398 3443 ditus
421 3375 522 3440 vitia
540 3376 799 3462 corrigantur.

376 3539 620 3628 Singularem
641 3541 758 3626 piane
779 3513 1011 3625 apparatum
1034 3545 1170 3627 organi
1190 3543 1337 3610 auditus

295 3670 345 3715 os
362 3649 396 3714 si
408 3671 426 3712 c
438 3667 462 3713 u
475 3648 489 3711 l
501 3670 524 3713 a
535 3648 623 3712 'tria
633 3647 901 3725 constituunt,
915 3644 955 3712 in
969 3667 1063 3714 cavo
1076 3651 1254 3735 tympani
1268 3647 1340 3714 exi-

292 3749 462 3829 stentia,
489 3750 531 3816 in
561 3749 726 3828 seriem,
762 3767 860 3841 quae
883 3770 906 3812 a
936 3754 1118 3837 tympani
1147 3753 1334 3820 membra-

291 3873 345 3920 na
367 3850 416 3915 ad
439 3850 642 3918 adversam
658 3853 867 3918 fenestram
893 3843 1043 3920 evalem
1065 3859 1251 3932 excurrit,
1280 3870 1336 3914 or·

292 3953 493 4020 ticulatim
512 3953 741 4037 conjuncta,
762 3957 800 4018 et
813 3956 995 4022 musculis
1007 3956 1084 4024 suis
1105 3947 1336 4032 nobiliss)-

293 4055 446 4122 Mature
468 4055 563 4122 haec
585 4057 752 4134 ossicula
762 4055 1002 4140 formantur,
1025 4065 1070 4125 ut
1093 4061 1188 4126 adeo
1206 4061 1245 4124 in
1258 4056 1332 4120 fos-

293 4160 338 4222 tu
358 4157 523 4228 necdum
553 4162 707 4226 maturo
738 4159 885 4226 statum
913 4159 996 4226 fere
1027 4161 1332 4250 imperfectum
