2920 4998
317 366 399 448 ὢν
454 383 459 400 ’
516 359 629 427 .L1s.
645 357 692 424 11.
713 358 805 424 css.
827 353 886 426 VI.
907 353 1127 430 Dascusa.

329 499 486 586 proprie
518 499 559 564 id
579 497 793 565 'constituit
826 517 1020 584 organon,
1044 501 1143 586 quod
1175 499 1353 568 vinculum

327 602 441 688 ponit
462 591 687 686 organicum
707 599 880 689 animam
900 601 1001 668 inter
1019 610 1057 669 et
1074 608 1354 689 corpusmdgs.

328 703 522 770 cerebrale
542 703 584 770 id
605 710 776 795 systema
797 704 922 768 solum
958 703 1123 788 duplicis
1145 713 1287 781 statue,
1304 708 1352 770 vi·

325 807 514 892 gilierum
550 812 588 872 et
620 808 747 872 somni
783 812 842 870 est
871 823 1016 890 capax,
1050 827 1136 872 cum
1167 828 1301 894 organa
1320 817 1352 876 st

324 914 538 994 systemata·
556 909 663 989 alia,
685 909 756 974 sub
775 908 931 974 animas
952 914 1147 992 potestate
1168 913 1267 978 haud
1286 909 1352 978 exi·

321 1011 488 1091 atentia,
518 1033 587 1076 nec
614 1013 799 1096 vigiliae,
831 1033 900 1078 nec
928 1015 1050 1080 somni
1078 1016 1159 1082 siut
1188 1018 1352 1100 capacia,

322 1116 493 1186 medium
515 1104 645 1200 potius
667 1120 813 1182 statum
834 1114 939 1182 intra
957 1121 1166 1204 utrumque
1184 1105 1352 1185 viventia.

41 1240 47 1260 ·
101 1299 106 1308 1
201 1303 203 1312 .
324 1222 425 1305 Quia
444 1225 651 1305 praeterea
675 1219 875 1283 cerebrum
896 1219 1024 1301 ipsum
1045 1221 1094 1289 ad
1116 1227 1350 1288 certumsuse

321 1318 575 1407 perfectionis
598 1325 745 1384 statum
766 1323 964 1387 evolutum
984 1341 1064 1387 asse
1087 1321 1199 1388 debet
1213 1370 1225 1404 ,
1238 1324 1352 1390 etrus·

321 1425 480 1494 ficiente
523 1422 680 1507 energia
715 1421 990 1506 informatum,
1021 1443 1097 1510 quo
1129 1426 1277 1500 animae
1305 1447 1352 1492 ra·

321 1530 511 1614 spondeat
549 1524 978 1613 muneribusgembryo
1010 1518 1225 1609 humanus,
1253 1533 1351 1598 donec

257 1715 261 1722 .
320 1636 362 1700 in
390 1631 527 1702 matris
548 1629 842 1711 utero'haeret,
870 1631 1095 1714 plantarum
1122 1655 1223 1701 more
1243 1638 1350 1703 vivit:

319 1759 398 1804 non
418 1735 580 1820 vigilat,
607 1753 693 1814 cum
715 1731 847 1798 anima
881 1753 948 1816 per
978 1734 1169 1819 impulsus
1193 1747 1351 1806 externos
1391 1739 1394 1748 ’

319 1838 425 1904 haud
453 1835 686 1914 concitetur;
709 1853 776 1902 nec
805 1837 975 1917 dormit,
999 1835 1191 1924 siquidem
1215 1859 1352 1906 somnus

318 1940 406 2007 illis.
422 1943 578 2006 tantum
599 1935 806 2002 conveniat
826 1935 1065 2020 individuis,
1084 1964 1183 2030 quaa
1199 1943 1351 2030 oppositi

317 2050 463 2124 status,
487 2039 671 2127 vigiliae,
691 2047 782 2108 sunt
803 2043 973 2127 capacia.
996 2050 1036 2126 ‚A
1065 2055 1182 2131 partu
1213 2057 1352 2126 autem,

296 2169 431 2214 sensu
459 2144 647 2222 incitato,
670 2145 910 2212 conscientie
939 2147 1067 2234 viget,
1090 2149 1244 2239 jamque
1263 2151 1351 2235 vigi·

315 2253 500 2328 liaecum
527 2269 661 2316 somno
689 2253 911 2333 alternant3
931 2254 1083 2320 cerebro
1117 2261 1247 2322 tamen
1275 2277 1352 2322 nec·
1420 2277 1421 2348 j

318 2359 410 2425 dum
444 2357 537 2424 eatis
574 2356 765 2436 evoluto,
801 2361 840 2421 et
873 2375 1049 2440 processu
1082 2357 1290 2428 formativo
1316 2361 1352 2426 in
1420 2357 1421 2434 i

316 2481 475 2546 corpore
515 2459 697 2527 universo
732 2457 900 2526 nimium
933 2458 1117 2548 vigente,
1147 2464 1351 2534 intensivas

315 2561 544 2652 systematis
570 2561 778 2629 cerebraiis
797 2561 901 2652 vires
927 2562 1085 2647 exiguae
1108 2566 1232 2633 adhuc
1254 2573 1348 2642 sunu

315 2668 406 2736 iuda
440 2665 561 2752 igitur
593 2670 674 2742 est,
706 2665 807 2751 quod
840 2666 1011 2732 infantes
1050 2670 1138 2754 plus
1167 2651 1349 2738 dormiant

315 2792 432 2860 quam
451 2769 630 2858 vigilent.
654 2767 837 2848 Provecta
856 2790 947 2836 vero
968 2773 1096 2836 aetate
1119 2776 1271 2860 energia
1296 2794 1348 2837 or·

219 2861 222 2870 ’
314 2892 534 2962 generum,
564 2873 735 2966 animae
759 2871 1025 2948 functionibus
1061 2875 1348 2944 inservientium

312 2987 481 3065 augetur
490 3020 503 3057 ,
521 2975 713 3063 siquidem
734 2975 891 3062 quaevis
913 2978 1084 3060 corporis
1105 2991 1234 3063 partes
1255 2980 1348 3046 debi-

315 3088 355 3148 te
376 3078 454 3162 iam
474 3078 552 3145 sint
573 3080 777 3152 evolutae,
799 3097 868 3142 nec
889 3083 1001 3143 tanta
1031 3083 1201 3164 amplius
1231 3105 1346 3149 necea.

311 3185 415 3250 saria
444 3185 498 3250 sit
523 3183 627 3249 vitae
657 3179 858 3264 organicae
888 3179 1080 3260 intentio,
1105 3185 1266 3273 ipsaque
1294 3203 1347 3268 ey·

312 3290 488 3354 otomatis
521 3281 726 3352 cerebralis
765 3284 920 3370 energia
957 3305 1025 3370 per
1054 3290 1248 3356 actionem
1278 3291 1346 3356 fre·

314 3396 496 3480 quantem
519 3395 631 3455 aucte
649 3389 701 3456 sit
724 3395 769 3472 (5,
787 3403 840 3469 73.
867 3385 1030 3474 n.v1.);
1052 3389 1212 3464 undeet
1234 3392 1346 3458 multo

312 3499 443 3566 minor
463 3495 594 3564 somni
613 3499 669 3560 est
692 3491 908 3560 necessitas.
1011 3477 1015 3488 ’

765 3659 795 3734 §-
822 3671 897 3744 559·

311 3799 657 3869 Diversorum
710 3781 1236 3888 naturae-corporum
1278 3821 1344 3870 so·

732 3917 910 3965 ,mnus

396 4045 458 4118 Ex,
471 4039 519 4109 iis
531 4079 542 4118 ‚
567 4029 666 4129 ques
687 4039 803 4124 paulo
825 4045 915 4105 ante
939 4039 1043 4106 dicta
1063 4047 1151 4108 sunt
1170 4042 1222 4129 (ς.
1242 4039 1344 4130 55³&

305 4147 401 4248 satis
423 4147 502 4226 iam
529 4150 660 4229 patet,
686 4163 750 4207 eos
778 4147 934 4246 tantum
960 4147 1197 4228 organismos
1215 4163 1342 4212 somno

304 4252 507 4348 obnoxios
521 4267 623 4334 esse,
646 4245 712 4334 qui
733 4245 886 4314 cerebro
905 4247 1075 4335 gaudent
1095 4256 1136 4330 et
1157 4251 1343 4318 conscien-
