2904 5002
182 351 184 366 ’
205 375 400 446 sntr.'111.
422 377 483 448 Ds
503 377 822 468 vrso.·111.vrsus
845 391 1075 450 sxsosrrro.
1120 367 1191 469 '3'77
1217 425 1223 447 .

154 539 363 642 omnesque
384 522 560 610 regulae,
593 503 729 608 quibus
751 521 920 590 colorum
938 525 1067 592 subest
1080 515 1204 614 geris·-

151 626 203 692 sis
225 623 240 707 (
252 634 281 704 t.
305 645 379 710 5¹⁰·
390 637 427 714 j,
450 635 649 714 temquem
670 626 827 690 totidem
844 625 1036 710 rationes,
1058 630 1196 716 quibus

151 728 285 804 oculus
306 751 413 796 suem
427 731 653 796 manifestet
678 730 839 796 vitalem
859 734 1089 816 energiam,
1103 754 1195 801 con·

60 820 63 828 ’
152 833 380 902 eidersndee
395 836 529 919 potius
549 837 653 902 sunt.
685 835 825 900 Lucem
851 835 953 900 enim
978 843 1016 901 st
1038 839 1207 919 colores„

4 991 22 1026 2
151 947 196 1010 ut
216 943 337 1019 teles,
361 939 490 1028 quales
510 940 770 1024 percipimus,
794 947 902 1008 extre
924 961 992 1006 nos
1015 963 1093 1010 non
1115 947 1196 1014 exi·

99 1037 104 1045 ⁸
149 1052 268 1126 stare}
292 1049 423 1110 uerum
447 1063 516 1128 per
539 1044 752 1129 peculiares
773 1061 975 1128 corporum
988 1045 1196 1130 qualitates

58 1197 62 1204 .
137 1147 193 1240 ¹in
209 1165 357 1240 organo
387 1147 493 1213 visus
517 1145 713 1228 ejusmodi
724 1147 905 1212 suscitari
927 1146 1083 1236 vitalem
1108 1169 1198 1216 con·

55 1285 96 1306 ··
146 1253 325 1333 flictum,
356 1271 429 1338 quo
452 1271 511 1318 res
533 1252 686 1316 eaedem
706 1250 881 1316 vrssbsles
902 1252 1013 1315 nobis
1032 1250 1194 1318 redden

148 1363 237 1434 tur,
267 1352 1192 1440 superius(vol·1Vp.os4.)diximus.Nonest
1278 1355 1299 1412 ’.
1368 1397 1371 1406 ,

147 1459 271 1544 igitur
292 1459 421 1524 oculus
442 1465 571 1522 noster
590 1475 787 1540 organon,
811 1455 913 1542 quod
934 1455 982 1524 od
1013 1458 1115 1542 teges
1135 1455 1195 1524 in-

145 1569 454 1634 strumentorum
467 1564 774 1648 ‘cetoptricorum
789 1566 825 1626 rt
848 1559 1125 1644 dioptri'corum
1140 1563 1193 1630 sit
1224 1585 1228 1592 ·
1251 1625 1254 1648 ,

49 1733 51 1740 .
145 1653 429 1748 fabrefactum
457 1687 592 1734 verum
612 1670 716 1752 ipsse
738 1667 812 1734 hee
826 1666 1029 1734 machiner
1048 1651 1194 1753 irriper-
1304 1719 1309 1736 .

143 1776 248 1842 fecte
269 1778 393 1860 potius
422 1782 513 1841 sunt
540 1773 641 1839 oculi
662 1776 934 1850 imitamenta,
964 1775 1128 1862 quibus,
1160 1777 1194 1842 si

144 1881 283 1965 organi
303 1881 405 1946 visus
421 1879 659 1948 formationi
676 1878 806 1946 debite
825 1879 1078 1965 respondent,
1103 1901 1192 1947 con·

144 1979 271 2048 flictus
292 1984 394 2049 inter
408 1985 561 2049 oculum
575 1989 613 2047 et
623 2003 679 2048 res
692 1990 868 2050 externus
880 1985 1068 2053 hactenus
1080 1985 1191 2068 ediu-
1299 2051 1304 2056 .

143 2090 259 2153 vetur
273 2093 357 2166 ,cue
373 2087 470 2154 visio
495 2087 680 2155 reddatur
702 2075 921 2172 perfectior.
947 2141 953 2162 ,

239 2225 403 2294 Eaedem
420 2225 544 2314 igitur
564 2228 817 2305 conditiones,
843 2249 937 2316 quae
949 2227 1043 2294 lucis
1056 2231 1188 2316 cendi7

142 2327 215 2398 deo
251 2337 291 2397 ct
321 2332 536 2398 staminum
564 2331 824 2398 coloratorum
855 2321 1187 2419 propegetionem,

141 2439 343 2508 radiorum
359 2439 604 2521 fractionem,
627 2440 874 2506 reflexionem
887 2447 924 2506 et
936 2441 1189 2512 inflexionem

143 2545 186 2612 in
210 2542 436 2628 corporibus
458 2527 581 2608 veriie
600 2544 815 2642 gpberners
837 2547 1059 2620 censentur,
1091 2546 1193 2612 mire

69 2713 71 2720 ,
141 2647 357 2720 rationein
377 2651 484 2718 oculo
506 2655 762 2728 concurrunt,
787 2657 823 2717 et
845 2651 951 2717 adest
970 2674 1191 2737 nervorum,

141 2775 349 2831 vesorum,
368 2753 586 2820 tunicarum
601 2759 638 2820 ct
659 2755 868 2840 humorum
883 2755 1014 2840 copie,
1037 2775 1133 2844 quse
1146 2741 1188 2834 in

138 2854 284 2943 hindyn
294 2855 418 2924 emico
438 2856 612 2922 existunt
622 2854 824 2932 antithesi,
851 2874 975 2942 queve
999 2853 1182 2946 efficitur,

142 2963 189 3022 ut
209 2957 405 3042 perceptio
429 2954 665 3042 qualitatum
685 2955 927 3037 visibilium,
963 2957 1072 3023 omni
1103 2977 1184 3025 me·

140 3059 340 3127 chenismo
362 3063 400 3124 ct
414 3057 623 3127 chemismo
636 3061 793 3126 omuino
810 3059 1051 3144 superiorum
1063 3101 1082 3146 y
1096 3078 1186 3145 pos·
1223 3134 1229 3148 ἱ

141 3163 271 3232 sibilis
286 3163 361 3232 uit.

184 3357 191 3390 ,
222 3306 340 3402 Oifert
357 3303 496 3374 bulbus
518 3304 621 3371 oculi
644 3303 707 3390 (ς.
730 3305 830 3392 496..)
842 3349 854 3388 ,
889 3306 1071 3374 musculis
1103 3307 1182 3377 suis

143 3409 166 3502 (
178 3417 208 3493 ς,
227 3409 336 3500 497.)
355 3431 424 3496 pro
446 3432 508 3488 ss,
536 3425 698 3496 cumque
719 3409 846 3496 capite
865 3429 1018 3481 omnem
1039 3411 1080 3476 in
1096 3433 1188 3498 per·

90 3523 103 3550 ²
140 3522 222 3584 tem
247 3515 431 3593 mobilis,
455 3516 695 3598 segmentum
712 3512 881 3579 anterius
901 3511 1015 3580 rebus
1035 3513 1190 3581 univer·

143 3621 218 3692 sis.
247 3617 289 3684 in
314 3637 416 3705 quo,
442 3617 691 3705 tanquemin
711 3617 865 3701 speculo
888 3635 1031 3701 perro,
1047 3661 1050 3668 ·
1066 3615 1189 3683 reele-

142 3721 219 3789 stis
241 3720 389 3805 pariter
413 3739 457 3785 ec
485 3721 681 3787 terrestris
714 3737 875 3804 corpore
907 3717 1166 3803 depinguntur
1176 3762 1201 3814 ,Ι

139 3825 382 3913 quorumque
393 3823 576 3908 imagines
591 3821 639 3888 ed
650 3821 846 3889 immensos
860 3821 1069 3890 dissenties
1083 3841 1190 3889 eum·

100 3915 108 3936 '
141 3949 207 3996 me
226 3926 314 3994 cum'
332 3927 542 3992 velocitate
568 3927 801 4015 referuntur.
849 3927 949 4012 Quis
969 3946 1058 3993 vero
1083 3926 1188 4009 obie-
1221 4011 1231 4024 ι

142 4021 397 4100 cterisibilis
420 4027 594 4102 exomni
624 4029 797 4096 universi
829 4029 933 4096 orbis
962 4021 1186 4114 peripheria

139 4132 324 4202 continuo
344 4131 387 4199 in
407 4129 534 4196 oculos
546 4139 698 4226 xegunt,
723 4139 761 4197 et
778 4131 887 4199 nobis
906 4133 1028 4198 etiem
1047 4130 1185 4199 invitis

138 4235 266 4310 redico
284 4233 533 4316 submittunt,
558 4235 648 4328 cilio
662 4244 700 4304 ct
712 4236 921 4324 supercilio
932 4279 944 4316 ‚
966 4244 1081 4328 etque
1099 4239 1185 4326 pel·
