2920 4998
403 373 890 452 surreserscucrsrrros.
1021 416 1025 425 .
1106 377 1171 445 509

208 515 307 580 cum
329 530 351 575 e
376 507 551 591 vestigiis
587 505 649 572 his
679 505 838 593 quaevis
872 496 1028 568 animad
1061 503 1168 570 dotes

128 614 344 698 pendeant,
370 613 539 698 corporis
565 609 706 674 relatio
723 607 771 672 ed
784 606 957 672 animem
976 608 1170 692 intelligi·

127 724 206 782 tur.
238 715 388 782 Etenim
417 712 714 796 impressiones,
736 728 808 793 per
834 728 963 774 rerum
995 715 1174 776 externa·

126 839 218 890 rum
235 819 423 886 inflexum
447 816 678 890 suscitatae,
702 819 741 876 et
762 819 868 878 ortae
886 812 979 877 hinc
993 861 998 872 .
1010 812 1174 884 sensati·

129 948 222 994 ones
244 947 286 992 ae
306 921 562 996 intuitiones,
586 917 759 983 debitam
791 935 1024 1000 organorum
1050 917 1173 984 febri·
1207 917 1213 941 '

130 1045 240 1106 cam,
264 1027 406 1108 justam
441 1021 773 1108 organisationem
808 1025 846 1084 et
888 1017 1083 1103 energiam
1114 1039 1174 1084 rs.

131 1133 292 1220 quirunt
318 1131 391 1214 (§§.
408 1130 480 1213 465.
500 1132 574 1211 469.
595 1147 633 1190 n.
658 1129 735 1210 6.),
759 1125 841 1190 sine
871 1123 1008 1210 quibus
1039 1123 1172 1203 ideae,

129 1237 295 1317 objectis
315 1233 391 1298 suis
413 1231 706 1316 respondentes,
720 1227 1173 1316 edquirihaudpossunt.

130 1339 362 1426 Requiritur
382 1336 472 1401 dein
494 1332 692 1418 encepheli
724 1351 768 1397 nc
802 1332 922 1396 totius
952 1330 1174 1426 systematis

129 1443 312 1521 nervosi,
348 1439 553 1505 cerebrnlis
582 1437 812 1524 praecipue,
833 1431 983 1500 indoles
1019 1435 1175 1516 debita,
1211 1425 1216 1437 ’

132 1549 325 1612 materiae
348 1551 386 1609 et
405 1544 550 1609 virium
573 1523 803 1626 respondens
829 1537 1022 1615 conditio,
1046 1539 1175 1604 utim-

121 1652 342 1736 vpressiones
366 1647 520 1712 eaedem
543 1644 676 1710 debito
699 1641 813 1708 modo
837 1643 887 1706 ed
912 1641 1096 1707 centrale·
1111 1643 1173 1706 vi·

127 1763 194 1819 tae
221 1751 426 1817 sensiferee
465 1767 638 1833 organon
669 1746 957 1822 conducantur,
980 1745 1172 1828 recipian-

127 1865 193 1921 tur
216 1860 254 1920 et
274 1857 542 1932 retineantur,
568 1859 688 1938 utque
712 1849 922 1934 imperium
948 1853 1072 1917 animi
1095 1871 1172 1929 eas,

132 1959 331 2023 suscitetis
352 1958 480 2020 nefors
498 1954 736 2018 fibrillsrum
758 1951 1029 2020 medullsrium
1056 1956 1175 2020 moti·
1211 1992 1216 2009 .

9 2061 10 2066 ’
129 2063 230 2138 hus,
252 2060 314 2124 vel
336 2060 475 2124 saltem
495 2065 602 2124 moto
627 2060 770 2124 virium
795 2059 977 2126 conflictu
995 2080 1175 2138 ‚revoca·
1197 2101 1201 2124 r

128 2183 190 2238 re,
212 2147 414 2248 'sejungere
434 2168 503 2226 eut
523 2181 776 2244 componere,
799 2181 961 2260 perque!
978 2162 1174 2228 admiren·
1295 2197 1296 2210 ¹

8 2307 10 2312 ,
134 2263 224 2328 dem
255 2263 397 2328 mentis
429 2261 694 2344 operationem
729 2259 947 2327 intellectui
976 2265 1105 2346 prius,
1130 2283 1173 2331 ac

130 2367 287 2436 demum
308 2365 455 2432 rationi
472 2365 656 2444 subjicere
676 2367 805 2449 possit.
840 2367 939 2450 Quia
959 2387 1050 2434 vero
1084 2391 1168 2436 sen-

129 2469 303 2537 sibilitas
318 2469 542 2554 ,omnisque
562 2469 765 2552 encepheli
783 2469 842 2536 vis
862 2491 931 2554 per
953 2491 1173 2554 processum

128 2569 444 2656 reproduetivurn
468 2576 744 2638 conserventur
767 2572 821 2654 (4.
841 2573 916 2651 466.
929 2592 967 2642 n.
991 2573 1066 2657 1.),
1083 2575 1174 2654 ¹sni·
1211 2601 1214 2616 ·

127 2702 216 2750 mee
240 2685 413 2765 potestas
437 2699 505 2764 per
545 2699 778 2766 organorum
809 2680 1172 2766 reproductivorum

130 2783 398 2852 conditionem
429 2785 616 2851 hactenus
653 2782 964 2863 determinatur,
988 2792 1033 2850 ut
1059 2787 1172 2854 laesis

125 2890 321 2976 corporeis
339 2886 623 2970 functionibus,
636 2887 714 2968 eius
740 2888 997 2974 restringatur
1016 2889 1175 2958 libertas

127 2983 839 3080 (§.551.n=e.),etanimesane
871 2993 1172 3078 incorpore

96 3105 336 3166 'tentum
361 3117 481 3164 seno
507 3093 750 3196 existere
780 3100 960 3182 possit.

211 3247 314 3312 luter
335 3243 710 3328 praecipuasautsm
730 3243 960 3328 relationes,
984 3263 1076 3331 quas
1091 3257 1171 3308 cor-

127 3368 198 3433 pus
218 3346 266 3412 ad
286 3347 458 3410 animem
482 3345 602 3416 hebet
614 3387 625 3424 ,
649 3343 860 3427 peculiaris
881 3346 1025 3413 cerebri
1046 3348 1169 3412 sebri-
1221 3401 1223 3408 .

127 3454 400 3532 ca,structura
420 3447 593 3532 partium
606 3493 617 3526 ,
630 3449 832 3532 proportio
851 3449 987 3514 mutua
1011 3457 1049 3514 et
1064 3469 1169 3532 eym-
1273 3461 1276 3470 ’

127 3551 272 3620 metria
293 3553 340 3633 (4.
366 3547 463 3634 447.)
482 3550 679 3616 numerari
704 3549 864 3634 debent3
901 3559 940 3616 et
969 3554 1168 3636 pertinent

126 3657 204 3724 huc
225 3673 370 3719 messae
393 3653 583 3720 curticulis
607 3654 654 3718 ad
678 3651 930 3720 medullarem
947 3657 1170 3743 ,ipsiusqu⁰
1279 3651 1281 3658 s
1308 3639 1311 3646 ,

130 3759 279 3826 cerebri
303 3757 351 3822 ad
369 3758 596 3823 cerebellum
615 3757 834 3843 proportio,
857 3764 973 3842 etque
994 3762 1169 3828 substen-
1298 3773 1301 3784 ·

129 3863 211 3928 ties
233 3854 434 3945 utriusque
456 3861 604 3936 fabrice
623 3857 674 3944 (t.
696 3869 797 3937 448).
820 3862 992 3926 Maxime
1007 3864 1110 3928 enirn
1125 3864 1167 3928 in

127 3961 342 4044 encephalo
358 3958 413 4037 ,si
434 3959 584 4025 lubrice
604 3962 869 4028 consideretur
892 3970 930 4028 et
951 3966 1167 4030 formarum

125 4065 327 4140 varietas,
359 4059 575 4127 advertitur
606 4063 793 4148 perfectio
820 4109 829 4137 ‚
857 4069 899 4154 et
933 4057 1168 4148 respondent

128 4169 284 4254 enimse
317 4163 434 4256 'dotes
466 4164 874 4254 eidsmuperfectioni‚
898 4165 933 4232 si
965 4187 1168 4252 corporum

129 4273 391 4342 animatorum
413 4269 636 4338 intueamur
655 4270 795 4351 seriem
819 4271 863 4358 (5.
886 4274 993 4357 4574).
1015 4265 1168 4362 ,Quem-
