2898 4996
821 197 830 232 (

187 371 300 438 stoc.
320 365 368 432 11.
389 366 449 436 Da
469 365 724 431 sveransrrs
748 377 870 433 uanv.
894 377 1080 430 orrrons.
1125 381 1185 452 197.
1254 371 1258 400 ¹

133 512 342 578 Gallianae
363 511 531 586 fautores
553 507 777 574 libertatem
806 505 930 576 animi
959 507 1182 587 vindicare,

128 637 221 681 cum
232 617 388 696 dicunt,
409 620 566 697 praeter
578 613 821 676 materialem
834 609 1094 677 conditionem
1107 614 1181 677 ali·

133 741 201 786 am
231 719 378 807 requiri
403 719 598 784 internam
636 701 809 793 causam,
846 739 892 781 ex
921 719 1050 784 animo
1072 721 1182 803 ipso,

125 823 362 890 educatione
383 829 422 887 et
443 821 685 888 consortione
704 820 908 887 bominum
927 822 1178 904 proficiscen·

129 935 226 992 tem.
269 927 422 991 Etenim
452 926 707 1012 vegetationis
738 944 933 1010 processu,
966 945 1041 1012 quo
1074 933 1180 992 certa

127 1032 354 1097 formantur
375 1039 414 1096 et
445 1037 722 1097 conservantur
744 1033 891 1098 cerebri
922 1053 1088 1116 organa,
1119 1031 1181 1097 ni·

130 1135 257 1198 mium
280 1137 556 1217 praevalente,
581 1135 697 1200 irrita
719 1133 830 1198 reddi
852 1133 1037 1200 deberent
1059 1155 1176 1226 quae·

126 1237 185 1302 vis
210 1238 470 1320 adminicula,
498 1245 668 1302 mentem
690 1245 728 1302 et
748 1237 922 1303 animum
945 1239 1176 1306 excolentia.

125 1343 309 1410 Videmus
336 1353 465 1412 autem
495 1348 619 1412 multo
651 1345 837 1427 pauciora
860 1344 1035 1410 incultis
1056 1345 1174 1410 Euro·

122 1446 230 1530 peeis
252 1470 461 1533 pravorum
474 1449 827 1532 morumexempla‚
840 1467 953 1533 quam
973 1448 1015 1512 in
1035 1447 1175 1532 pleris-

121 1559 197 1636 que
220 1552 439 1618 rudioribus
471 1551 650 1636 populis.⁸
690 1551 749 1615 An
770 1550 893 1636 igitur
916 1551 1029 1616 tuber
1053 1553 1173 1638 quod-

120 1649 215 1718 dam
235 1673 349 1738 super
371 1643 517 1720 ossibus
535 1660 778 1742 temporum,
800 1651 903 1742 quod
925 1652 1083 1722 furandi
1103 1674 1172 1738 ap·

119 1761 337 1842 potentiam
350 1803 361 1838 ,
384 1769 429 1826 ut
442 1760 599 1836 dicunt,
621 1761 904 1845 propemodum
916 1761 1172 1828 necessariam

117 1864 236 1946 ponit
255 1869 320 1954 t),
344 1867 386 1932 in
405 1865 559 1950 populis
580 1865 739 1932 incultis
761 1864 885 1950 magis
898 1863 1170 1940 evolutamest

117 1985 239 2050 quam
261 1963 304 2032 in
324 1967 583 2035 cultioribus?
611 1969 725 2034 Estne
742 1975 856 2033 tanta
867 1965 1020 2034 debitae
1033 1967 1170 2032 educa·

20 2109 23 2126 ι
77 2138 80 2142 ,
117 2070 265 2146 tionis,
287 2073 476 2138 bonorum
498 2077 569 2136 aut
588 2073 782 2138 malorum
805 2070 1070 2153 exemplorum
1095 2072 1171 2150 vit,

117 2181 164 2239 ut
197 2185 432 2261 organorum
460 2183 655 2243 certorum
684 2175 943 2242 evolutionem
977 2179 1169 2262 impedire

116 2283 188 2342 aut
209 2299 436 2361 promovere
458 2278 611 2365 possit?
632 2281 787 2363 Quanta
806 2285 936 2345 autem
949 2279 1003 2345 sit
1013 2299 1168 2347 morum
1234 2323 1236 2332 ‚

116 2381 160 2446 in
184 2384 313 2471 eodem
335 2379 496 2462 homine
515 2385 585 2449 sub
607 2383 720 2450 certis
734 2385 1039 2452 circumstantiis
1054 2385 1167 2450 vicis·

115 2483 273 2566 titudo,
298 2487 475 2569 frequens
490 2489 603 2552 docet
616 2487 878 2571 experientia:
909 2493 1044 2552 notum
1061 2483 1173 2560 enim'
1224 2549 1229 2556 ,
1275 2497 1278 2510 “

115 2593 198 2665 est,
222 2591 322 2654 vitia
344 2591 569 2656 habitualia
587 2590 668 2656 fere
691 2588 912 2671 emendari,
944 2596 982 2654 et
1003 2591 1165 2656 virtuti·

112 2689 185 2757 bus
205 2691 338 2760 cedere
359 2693 510 2768 locum,
543 2697 612 2761 aut
622 2692 690 2756 sub
711 2694 816 2776 malo
831 2690 1160 2758 adminiculorum

74 2877 77 2884 Ι
114 2781 306 2860 concursu*
324 2796 563 2862 contrarium
584 2795 830 2880 contingere,
853 2792 917 2876 id,
940 2794 1042 2880 quo'd
1055 2801 1161 2861 certo

118 2915 199 2964 non
222 2897 271 2962 ab
302 2898 476 2966 alienata
507 2915 737 2980 organorum
769 2897 1026 2981 vegetatione,
1058 2899 1124 2967 sed
1141 2919 1166 2964 a

112 3001 333 3066 moralibus
354 3003 484 3084 potius
505 3002 651 3079 causis,
680 3001 855 3080 animum
866 3002 993 3087 ipsum
1006 3009 1162 3072 mutan.

113 3107 221 3174 tibus
233 3151 247 3186 ,
270 3108 534 3198 repetendum
547 3112 614 3171 ast.

194 3271 241 3354 5)
262 3267 452 3353 Regiones
464 3270 606 3352 capitis
618 3313 630 3348 ‚
656 3269 867 3341 aGallio
888 3266 1092 3352 definitae,
1109 3263 1159 3346 ¹in

110 3391 149 3438 se
162 3378 301 3438 mutuo
313 3373 407 3437 adeo
419 3378 622 3438 transeunt
636 3417 648 3452 ‚
668 3382 713 3438 ut
724 3384 867 3460 organo
888 3376 1056 3461 quodam
1071 3397 1162 3449 evoe

20 3543 30 3556 ,
113 3476 198 3540 luto
209 3517 228 3566 ,Ι
251 3475 379 3540 vicina
402 3477 523 3540 simul
544 3477 729 3560 explicari
756 3485 795 3542 et
821 3479 953 3564 augeri
980 3465 1156 3554 debeant.

24 3581 26 3586 ’
112 3569 331 3649 Nonnullae
348 3586 480 3644 autem
501 3580 881 3666 finitimasregiones
897 3600 1044 3668 organa
1057 3606 1160 3652 com·

110 3681 357 3765 plectuntur,
377 3681 596 3770 disparibus
622 3686 777 3768 penitus
807 3686 951 3752 mantis
977 3685 1158 3766 dotibus,

112 3785 240 3854 animi
253 3783 465 3854 virtutibus
479 3795 546 3852 aut
563 3788 672 3854 vitiis
685 3787 981 3876 respondentia,
1008 3797 1051 3854 ut
1061 3790 1157 3880 adeo

112 3887 379 3970 experientiae
411 3891 650 3956 contrarium
681 3890 795 3974 plane
825 3892 901 3968 ait,
934 3894 1041 3957 dotes
1072 3915 1154 3970 aas,

110 3991 279 4056 virtutes
300 3997 338 4060 et
358 3990 457 4064 vitia
480 3994 520 4060 in
542 3994 677 4058 eodem
698 3993 857 4060 homine
880 3995 997 4059 simul
1021 3997 1157 4070 existe·

113 4115 168 4190 re,
214 4096 334 4160 Sinin
354 4097 494 4162 frontis
519 4116 671 4162 summa
690 4098 868 4182 regione,
889 4104 934 4162 ut
954 4082 1065 4164 (iant
1085 4097 1158 4174 do-

110 4203 194 4282 cat,
216 4199 372 4265 bonitas
390 4197 532 4265 mentis
544 4243 557 4278 ,
588 4201 774 4288 utrinque
795 4200 946 4279 scenica
964 4209 1159 4298 venustas,
1195 4197 1218 4290 J
