2898 4996
234 409 303 490 252
459 499 463 508 ἢ
496 391 584 460 Lre.
605 394 652 476 ll.
674 331 764 462 Cirr.
781 396 839 462 1v.
860 397 916 462 De
937 413 1071 472 sensu.

234 539 396 615 beuter,
421 547 458 605 et
479 541 741 627 peculiaribus
771 527 1045 612 sacricolarum
1073 547 1221 616 artibus
1238 552 1281 620 in

235 644 499 734 magneticam
519 645 688 710 exstasin
709 637 916 727 perducti)
943 648 1025 711 Etsi
1046 640 1285 720 sacerdotum

235 747 430 837 mysteria
453 745 501 812 ad
531 753 665 816 nostra
693 738 1002 831 tempora'h'aud
1032 753 1287 836 transierint,

172 945 173 954 ἵ
233 875 256 921 e
277 852 473 920 veteribus
498 857 630 918 temen
654 862 816 936 apparet
837 852 1117 937 scriptoribus,
1150 875 1284 954 aegros

231 956 277 1022 in
298 957 444 1040 templa
465 954 615 1021 delabos
629 975 695 1039 per
707 957 970 1032 narrationes,
992 959 1174 1042 adspectu
1188 981 1285 1028 ana·

235 1062 484 1135 thematum,
514 1057 564 1132 ab
591 1059 712 1142 aegris
734 1059 886 1125 sanatis
918 1059 1001 1126 Diis
1028 1061 1288 1147 donatorum,

238 1161 496 1244 carminibus,
530 1131 828 1228 lustrationibus
840 1210 850 1243 ,
884 1165 1114 1251 suffumigiie
1136 1175 1174 1234 et
1196 1168 1287 1236 aliie

196 1269 199 1279 “
229 1270 471 1356 praestigiis,
485 1268 607 1335 variis
621 1267 1159 1338 demumcontrectetionibue
1186 1291 1291 1338 com·

170 1365 175 1380 '
195 1395 197 1404 ⁴
228 1371 1290 1459 motosfuieee‚ettum‚utV1ne1n1uscinit„eubnocte

229 1478 368 1546 silenti
390 1478 553 1548 somniis
584 1474 738 1564 petitis,
776 1480 901 1540 multa
932 1477 1141 1542 simulacra
1170 1475 1284 1543 miris¹

227 1583 356 1649 modis
374 1583 587 1668 volitantia
609 1583 815 1656 viderunt,
847 1579 977 1658 varies
990 1580 1200 1646 audierunt
1213 1602 1281 1645 vo·

128 1667 130 1675 ’
175 1669 189 1736 s
229 1705 317 1764 ces,
342 1685 506 1759 Deorum
519 1685 689 1751 fruentes
710 1682 915 1769 colloquio,
928 1688 1045 1768 atque
1058 1683 1144 1748 imis
1164 1685 1279 1748 Ache·

137 1851 140 1872 ,
228 1789 949 1858 ¹rnntaadfariAvernisconsuerunt.“
994 1787 1203 1853 Hisautem
1217 1808 1280 1852 ar·

226 1895 367 1960 tificiis
379 1895 638 1982 magnetiemi
662 1894 845 1960 animalis
863 1891 1157 1977 phaenomena,
1187 1908 1281 1978 qua·
1305 1879 1308 1888 ’

101 2051 105 2062 .
227 1995 284 2063 lia
303 1996 413 2062 hodie
433 1998 707 2076 observamus,
729 1971 1074 2082 productafuiese,
1100 1993 1278 2067 ‹lubirere

224 2122 302 2168 non
323 2115 523 2188 poscumus
543 2083 606 2189 ιιἰ)
631 2104 766 2167 morbo
786 2099 891 2166 enim
914 2099 1107 2166 relevati'
1097 2099 1145 2163 rie
1168 2101 1279 2174 incur

137 2247 144 2266 .
225 2199 454 2273 bationibus
475 2207 544 2274 alii
568 2203 752 2292 suerunt'
739 2250 750 2284 ‚
776 2206 847 2270 alii
870 2203 1278 2286 divinandipotestate

224 2293 372 2376 imbuti
393 2311 462 2374 sub
485 2309 706 2393 magnetico
738 2328 877 2386 somno·
897 2304 1071 2372 remedia
1090 2306 1281 2391 sibiipsis

224 2409 390 2476 velaliis
403 2412 695 2496 aegrotantibus
705 2411 1054 2497 praescripserunt,
1074 2411 1135 2474 vel
1150 2409 1279 2475 audie·

175 2501 179 2518 ⁸
218 2513 366 2582 bantur
390 2533 500 2584 voces
517 2517 566 2582 ab
587 2517 683 2601 ipsis
708 2517 873 2581 oraculis
894 2504 1071 2601 prolatae
1092 2513 1167 2598 ”).

274 2745 276 2762 s
320 2681 488 2747 Narrant
510 2683 556 2746 tle
576 2683 854 2758 Chineneibus,
877 2683 943 2769 qui
962 2704 1030 2767 per
1050 2688 1176 2750 multe
1197 2684 1275 2766 jam

217 2785 351 2854 secula
371 2786 523 2853 morbos
543 2785 714 2856 diversos
737 2807 926 2852 manuum
940 2787 1191 2872 impositione
1214 2807 1279 2854 cu·

218 2893 313 2955 rent
332 2891 396 2974 e),
426 2893 465 2952 et
486 2889 627 2956 volunt
651 2889 886 2956 celebratam
910 2891 1007 2953 olim
1029 2906 1162 2972 regum
1186 2888 1279 2957 Gel-

157 3071 159 3076 ¹
222 2991 326 3072 liae,
362 2992 527 3077 Angliae
553 2998 592 3057 et
621 2993 789 3059 aliorum
813 2997 1036 3081 principum
1067 3000 1277 3074 virtutem,

220 3117 302 3184 qua
321 3102 488 3163 strumas
509 3098 658 3193 attactu
681 3100 763 3164 eolo
776 3100 1031 3186 dissiparunt,
1053 3102 1102 3168 ad
1119 3121 1276 3186 magne·

126 3209 141 3224 “
218 3201 327 3266 ticos
344 3201 485 3265 referre
504 3184 661 3266 effectus
681 3203 742 3287 b).
776 3198 907 3270 Secuto
937 3205 1025 3271 dein
1036 3207 1147 3272 ‘xvlt
1171 3209 1275 3273 Lon·

166 3379 168 3389 1
219 3303 401 3370 ‹lineneis
425 3304 585 3391 quidam
609 3306 840 3372 hortulanus
861 3315 1045 3400 pavitur,
1076 3311 1189 3376 miles
1208 3307 1275 3374 lli·

222 3413 367 3479 bernos
386 3425 653 3490 censensus,
675 3415 734 3484 W.
750 3429 943 3492 msxvens
959 3415 974 3500 (
984 3414 1060 3481 vol.
1082 3417 1111 3482 1.
1133 3435 1172 3500 p.
1187 3415 1276 3497 roc.)

223 3522 265 3581 et
283 3515 391 3582 Dect.
413 3529 594 3583 srnzrnn
615 3537 796 3584 manuum
818 3523 969 3586 attactu
984 3521 1135 3585 morbos
1148 3523 1275 3584 suetu-

199 3621 204 3629 '
223 3618 379 3700 lerunt,
398 3624 438 3684 el:
455 3618 664 3706 viguerunt
681 3627 774 3686 tunc
785 3621 918 3688 varies
930 3621 1198 3708 sympathicee
1211 3640 1276 3685 cu·

223 3740 293 3790 ree
304 3767 316 3806 ,
345 3728 441 3808 quas
459 3741 483 3786 a
503 3722 546 3789 vi
564 3725 784 3808 magnetica
806 3731 980 3808 repetere
1000 3723 1122 3806 aliqui
1134 3724 1275 3794 ‚volue-

221 3832 317 3892 runt
336 3827 387 3913 c).
414 3826 470 3892 Ad
480 3823 747 3910 phaenomena
767 3828 987 3912 magnetica
1001 3826 1135 3890 referri
1152 3825 1274 3890 etiam
1339 3863 1342 3868 ·

222 3929 387 4008 debent,
399 3940 508 4016 ‘quae
525 3947 687 4014 magnus
706 3933 775 3997 ille
793 3938 957 3998 naturae
976 3936 1276 4024 scrutatorum-

219 4053 406 4104 roonrrus
427 4032 534 4119 (volt
553 4038 581 4100 Ι.
602 4035 970 4123 p.1·1o5.)sdvertitr
995 4033 1121 4102 radice
1135 4034 1273 4117 Nepel·
1297 4077 1300 4084 ·

113 4199 119 4217 ,
222 4137 253 4206 li
274 4141 499 4227 degustata,
531 4145 761 4208 nontamen
783 4140 996 4227 deglutita,
1020 4158 1168 4206 omnem
1187 4157 1275 4204 een·

220 4263 310 4314 sum
332 4265 356 4312 a
376 4244 504 4331 capite
519 4243 695 4314 recedere
707 4288 722 4327 ,
742 4263 857 4336 seque
876 4245 919 4316 in
938 4245 1176 4335 praecordiis
1188 4265 1274 4312 een·
