2888 4994
149 381 260 449 secr.
285 377 315 444 1.
338 375 594 442 Srsrnuarrs
617 381 1049 444 eeaeesamsrasarca.
1094 391 1156 464 ¹¹5
1211 339 1215 347 ¹

109 547 195 604 ree,
234 529 284 589 ut
305 521 452 588 dictum
480 524 561 596 eet,
583 537 706 602 saepe
726 517 907 588 admista.
950 505 1152 606 Amplissi.

108 649 214 700 mum
224 609 565 716 eutem'nledullae
578 628 754 688 centrum
765 623 964 688 invenitur
976 626 1018 692 in
1026 627 1154 696 hemi·

107 733 303 818 sphaeriis
315 774 328 808 ‚
358 731 407 796 ad
426 729 670 794 horizontem
692 723 733 792 in
756 721 967 794 altitudine
983 735 1155 817 corporis
1240 789 1245 799 ,

109 838 246 902 callosi
268 823 396 910 sectis}
416 853 440 898 e
457 831 728 898 &viansensis
753 831 982 898 centrum
1004 840 1155 904 ovele

108 935 383 1028 compellatum
403 938 470 1020 u.).
514 919 1156 1006 esthaece'ubetanriaalbidisuh.
1225 915 1262 992 .’

34 1045 41 1052 “
106 1045 195 1109 flavi
217 1041 379 1122 coloris,
412 1029 452 1104 in
474 1037 694 1120 junioribus
709 1016 921 1102 individuis
935 1035 1154 1112 rubescens.

109 1149 277 1238 Maean.
312 1145 355 1208 ln
383 1133 628 1222 aethiopibus
659 1135 803 1204 flavam
834 1141 872 1203 et
902 1138 1155 1224 subnigram,

112 1251 281 1314 camella
308 1265 397 1310 vero
422 1248 461 1308 et
477 1234 726 1306 'simmatus
752 1237 997 1330 pallidiorem
1025 1245 1156 1327 potius

107 1355 343 1420 invenerunt
356 1359 429 1438 ης
450 1345 561 1412 nobie
575 1364 664 1410 vero
677 1337 788 1408 nulla
799 1340 993 1410 medullae
1015 1347 1057 1412 in
1079 1345 1157 1414 dis·

109 1465 210 1526 secto
234 1473 358 1540 nuper
377 1443 569 1534 aethiopis
588 1446 773 1526 cadavere
786 1447 967 1534 apparuit
984 1449 1157 1533 peculia·
1268 1523 1271 1532 ,

111 1564 159 1630 ris
182 1558 427 1629 differentia.
471 1553 602 1623 Mollis
636 1549 816 1638 quidem,
860 1553 1000 1616 cortice
1023 1561 1158 1622 tamen

110 1667 290 1734 tenacior
311 1668 371 1758 eet
389 1659 584 1736 medulla,
607 1662 645 1722 et
665 1654 817 1731 emittit
836 1653 965 1720 minus
978 1675 1046 1740 per
1067 1678 1159 1722 eva·

111 1767 369 1856 perationem.
412 1763 469 1829 Ob
487 1759 708 1844 copiosum,
731 1757 834 1845 quod
855 1759 1026 1828 continet
1047 1739 1168 1836 albu-¹

111 1885 221 1948 men,
255 1868 404 1945 acidia,
435 1865 529 1948 vino
549 1863 760 1928 sublimato
790 1867 828 1928 et
850 1861 976 1928 calore
1000 1865 1158 1930 ferven-

113 1980 150 2039 te
174 1973 427 2058 coaguletur,
448 1965 618 2052 adeoque
638 1963 877 2032 differentem
887 1964 1011 2030 habet
1033 1971 1071 2032 ct
1089 1987 1158 2052 po·

114 2069 234 2146 larem
255 2095 344 2142 cum
363 2070 541 2140 corticali
562 2066 782 2134 substantia
802 2063 972 2133 indolem
990 2069 1051 2154 x).
1172 2059 1174 2068 '

205 2189 1011 2319 Memoratueutemxdignisaimemedullee
1027 2229 1159 2298 eetia·
1287 2307 1290 2316 A

115 2347 228 2417 bric
244 2373 270 2416 a
299 2345 512 2436 iibroee.
544 2335 664 2406 Erant
686 2329 842 2422 quidem
864 2331 1067 2418 scriptores
1089 2359 1157 2401 vae
1252 2325 1256 2342 ’

114 2456 161 2520 rii
178 2459 254 2543 y),
288 2455 408 2518 etiam
433 2431 657 2514 recentiores
678 2443 737 2525 z),
765 2438 833 2527 qui
853 2443 1087 2502 structuram
1107 2437 1156 2502 fi·

119 2553 322 2626 brillo'sam
346 2551 540 2620 medullae
566 2549 822 2630 denegarentff
845 2565 878 2608 ‚a
908 2545 1156 2627 Macareum

117 2661 285 2743 primum
306 2657 631 2734 demonstratam,
658 2649 931 2724 marescum,
957 2647 1104 2712 sorsaco
1118 2651 1157 2712 et

119 2771 153 2829 et
173 2767 268 2832 aliis
288 2761 413 2829 viram
440 2760 534 2840 aa),
564 2773 685 2837 nuper
703 2771 793 2816 vero
815 2770 840 2812 a
857 2751 938 2814 cell.
959 2746 1061 2812 Rern
1081 2748 1156 2832 bb)
1233 2787 1241 2810 Ι

120 2877 153 2934 et
172 2873 287 2938 Gaas
312 2873 366 2952 cc)
392 2863 540 2948 optime
567 2857 817 2923 illustratam.
861 2851 1067 2918 observari
1090 2870 1157 2916 eae

119 2971 236 3040 fibrae
264 2973 306 3038 in
336 2955 467 3034 medie
493 2967 605 3048 perte
633 2977 836 3042 corporum
858 2953 1085 3022 striatarum
1108 2952 1158 3022 rin

119 3079 251 3142 nativo
270 3071 373 3141 st'etu
386 3071 578 3154 possunt,
601 3069 639 3129 et
657 3065 849 3148 apparent
861 3060 945 3126 'sere
961 3057 1103 3144 ubique
1115 3057 1158 3124 in

121 3185 272 3250 'cerebro
289 3175 528 3266 hydropico,
560 3176 669 3236 aceto
689 3166 867 3255 eutoleq
900 3169 1032 3242 cocto,
1066 3179 1157 3227 con·

124 3289 242 3368 gelato
266 3283 357 3368 dd),
392 3277 568 3344 alcohola
586 3272 670 3356 vini
690 3277 730 3336 et
750 3269 871 3364 acidis
902 3264 1159 3333 mineralibus

124 3394 175 3476 ee)
196 3393 406 3458 macerato.
451 3381 605 3447 Habent
637 3379 768 3441 autern
797 3392 862 3438 eae
883 3369 1007 3437 fibrae
1028 3367 1070 3434 in
1089 3390 1158 3433 va-

121 3494 184 3565 riis
209 3489 414 3580 encephali
431 3483 610 3572 partibus
639 3479 790 3546 variam
810 3473 1087 3564 directionem:
1114 3476 1158 3540 in

123 3603 219 3686 gyris
246 3592 391 3666 cerebri
412 3590 588 3657 lamellas
599 3585 773 3652 formant
783 3583 978 3645 contortae
989 3617 1001 3654 ,
1022 3580 1155 3660 etple-

123 3721 184 3769 nas
202 3705 244 3770 in
265 3691 476 3774 cerebello;
507 3691 549 3756 in
574 3682 837 3754 commissuris
847 3685 1049 3746 'texturam
1071 3676 1158 3741 sifi·

123 3805 229 3873 ciunt«
242 3803 447 3876 subtilem,
478 3791 637 3862 fibrillis
666 3780 865 3875 parallelis
889 3787 1156 3860 constantem

123 3904 160 3974 in
175 3912 346 3987 fornica,
372 3907 415 3974 in
431 3902 606 3973 cruribus
619 3878 768 3963 cerebri
784 3889 856 3960 ¹etc.
869 3885 1059 3968 radiatim
1079 3881 1156 3949 dii·

121 4008 418 4098 funduntur-fl),
449 4014 488 4074 et
512 4003 714 4092 decussant
743 4020 781 4064 ee
812 3995 855 4061 in
889 3983 1023 4073 multis
1046 3987 1154 4054 locis.
1196 4021 1201 4029 ·

122 4100 254 4184 Statuit
271 4119 471 4200 praeterea
492 4109 597 4177 Gaas
619 4104 815 4194 duplicem
837 4097 1027 4164 fibrarum
1044 4089 1152 4155 ordi·
1213 4101 1216 4108 ⁴
1284 4151 1288 4163 ,

124 4231 224 4308 acme
247 4221 450 4300 alteruma
470 4219 602 4300 centro
621 4208 663 4280 in
683 4191 929 4288 superficiem
949 4210 1151 4264 excurren·
1218 4267 1220 4272 ,

699 4295 781 4395 ΗΞ,
