2888 4994
178 345 288 413 εισι.
308 342 337 411 1.
359 343 868 414 Srsrsusrrscaaunnssrs
899 361 1072 414 esserra
1117 361 1181 432 ¹3⁹
1269 329 1275 349 ⁹

87 450 92 458 .
135 485 383 573 (cerebelli)
410 467 439 549 s.
466 469 630 553 velum
662 473 957 554 medullae-e
990 509 1018 554 s.
1050 488 1182 553 lacu·

129 609 224 658 nar
262 587 561 655 ventriculi
599 591 781 676 quarti
811 591 909 676 nn),
950 599 1178 678 potestque,

130 696 222 758 aiire
244 713 315 780 par
331 691 612 778 aquaeductum
631 692 756 781 sylvii
768 691 906 762 inflato
917 738 929 777 ,
951 695 1178 764 alternatim

132 797 292 862 elevari.

216 940 405 1019 Fovsola‚
436 958 534 1028 quae
555 937 753 1006 tubercula
776 937 908 1025 priora
941 904 1179 1020 eminentiae

130 1040 447 1130 quadrigeminas
487 1038 678 1140 seiungit,
717 1039 846 1107 sedem
889 1041 1055 1126 largitur
1098 1062 1179 1106 co·

127 1142 1180 1231 narioaglaudulaepineali‚corporiquipps

127 1257 171 1312 ex
184 1247 339 1314 cinereo
359 1247 592 1321 rubescenti,
610 1245 867 1312 inconstantis
879 1245 1178 1332 magnitudinis,
1266 1237 1271 1261 '

127 1349 292 1433 maioris
305 1345 398 1419 'fere
417 1351 460 1416 in
479 1348 697 1430 iunioribus
719 1357 758 1415 et
779 1350 989 1417 minorisin
1009 1339 1178 1416 ddultic·

126 1455 238 1520 ribus
269 1453 513 1520 nominibus·
526 1451 665 1532 molis
698 1451 847 1536 figurae
871 1449 1050 1539 globosae
1071 1453 1177 1538 apud

123 1561 375 1682 embryones,
397 1558 545 1626 tardius
566 1581 657 1624 vero
678 1558 902 1637 mutabilis,
931 1565 970 1625 at
990 1555 1214 1684 dilferen·

124 1785 197 1853 pus
221 1769 265 1834 in
287 1767 458 1834 normali
474 1773 595 1833 statu
601 1765 718 1852 paulo
744 1765 930 1849 majorem
961 1767 1173 1832 consisteri·

125 1872 227 1938 tiam
249 1891 365 1960 quam
388 1869 541 1940 cinerea
563 1867 709 1936 cerebri
729 1869 972 1956 substantia,
991 1889 1102 1954 saepe
1114 1863 1176 1934 til·

123 1993 214 2040 men
236 1975 279 2041 in
301 1973 508 2062 epilepsia,
532 1971 649 2059 inque
665 1971 988 2054 mentietuorbis,
1012 1973 1172 2038 indura-

125 2081 190 2143 tur
211 2076 276 2142 val
293 2076 518 2155 mollitur,
547 2075 797 2151 intumescit,
837 2075 968 2142 autin
989 2075 1185 2148 vesicam,-

125 2177 1077 2300 humoreflavescentsrepletamexpandicurpp).
1087 2179 1175 2244 lun·

17 2365 19 2370 Ι
128 2285 234 2370 gitur
258 2277 426 2352 anterior
457 2282 603 2350 conatii
641 2301 730 2368 pars
763 2283 990 2367 pedunculis
1020 2281 1172 2348 duobus
1258 2293 1261 2300 ⁴

127 2407 213 2456 cuns
235 2385 425 2463 colliculis
445 2385 621 2478 epticis,
628 2383 1171 2484 cumposteriorecemmissu·

127 2512 194 2569 ra,
217 2487 586 2579 eumqueprioribus
605 2487 1173 2576 eminentiaequadrigeminae

127 2592 356 2664 tuberculis.
394 2592 551 2659 Videtur
572 2590 612 2657 id
637 2610 793 2678 corpus,
825 2593 927 2678 quod
947 2593 1165 2658 curreres

122 2695 221 2762 elim
240 2714 309 2781 pro
322 2697 531 2783 praecipua
551 2693 703 2765 animae
721 2695 808 2762 sede
820 2695 1033 2762 declaravit
1057 2693 1167 2780 (vol.

124 2804 152 2868 Ι.
174 2821 212 2886 p.
228 2801 359 2890 toa),
381 2796 431 2868 ad
447 2799 648 2886 accephali
665 2797 861 2885 pertinens
878 2797 1062 2886 ganglia,
1089 2816 1165 2886 quc

116 2903 357 2972 medullatae
376 2903 531 2974 alantur
549 2901 761 3002 pedunculi
775 2905 866 2992 qq).

210 3051 519 3144 Notaiudignurn
532 3055 588 3116 est
607 3069 624 3114 s
638 3049 869 3123 ebulum,
893 3046 1170 3134 quotinglen·

127 3145 220 3218 dula
239 3152 390 3238 pineeli
416 3153 519 3237 apud
544 3153 748 3226 hominem
770 3150 986 3236 reperitur,
1015 3150 1057 3219 in
1081 3170 1188 3240 qua·-

128 3253 360 3340 dru'pedlbus
385 3275 477 3322 varo
500 3255 737 3322 animalibus
764 3255 1018 3324 desideratur.
1060 3253 1171 3323 Inve-

127 3359 288 3430 niuntur
310 3375 448 3444 nempe
469 3359 709 3424 aces-vuli
734 3360 994 3430 inconstantis
1024 3359 1172 3450 figurae

127 3467 170 3528 et
189 3451 484 3558 magnitudinis,
505 3481 527 3526 e
546 3461 720 3548 granulis
735 3464 942 3548 globulosls
952 3467 1178 3558 compositi

17 3575 18 3578 ’
127 3565 205 3628 tela
226 3551 411 3630 cellulusa·
428 3563 609 3642 connati,
639 3564 733 3631 flevi
752 3570 822 3634 aut
841 3567 985 3644 citrini
1010 3569 1147 3636 coloris
1160 3610 1172 3647 ‚

128 3665 382 3752 perlucentes,
414 3665 594 3752 lapideae
607 3664 791 3749 duritiei
794 3677 844 3736 at
868 3673 1075 3757 strepitum
1098 3675 1169 3739 suls
1253 3717 1264 3736 s

130 3767 260 3833 cultro
276 3767 441 3835 edentes.
484 3771 652 3841 Haerent
684 3779 814 3840 aulem
830 3773 884 3838 -lsl
911 3774 1079 3841 acervuli
1109 3776 1173 3840 vel

129 3870 172 3936 ln
191 3869 437 3955 pedunculis,
467 3873 529 3939 vel
546 3873 590 3939 in
618 3877 757 3952 lovea,
796 3895 892 3963 quae
911 3878 954 3943 ln
976 3878 1171 3952 anteriore

131 3975 277 4040 ccuarii
292 3973 464 4068 margine
485 3977 638 4058 existit,
669 3981 733 4046 vel
752 4000 843 4046 varo
856 3981 898 4057 in
909 3967 996 4064 ipsa
1006 3981 1171 4066 glandu·
1309 3967 1314 3976 ¹

132 4077 191 4144 lae
207 4075 373 4162 pinnulis
390 4073 627 4163 substantia,
648 4089 716 4150 aut
735 4082 898 4172 denique
916 4084 957 4150 in
973 4083 1170 4153 tribushis

130 4185 221 4259 locis
240 4183 360 4260 simul
377 4185 633 4292 reperiuntur.
654 4191 846 4264 siccatum
869 4189 910 4262 id
925 4191 1106 4266 sabulum
1120 4195 1176 4284 al.
