2888 4994
187 371 297 436 secr.
321 369 350 434 1.
369 365 626 456 srsrsssarss
651 377 894 436 essersene
919 383 1104 439 ssorum.
1127 388 1189 458 ¹57

135 515 362 580 functiones
375 513 551 598 protinus
573 513 851 596 perturbantur
862 555 874 592 ,
895 523 940 582 at
956 537 1080 604 aqua,
1101 541 1188 586 ma·

137 617 321 696 iore'cum
334 619 374 682 vi
386 615 427 681 in
447 616 636 682 carotides
650 616 823 698 impulsa
834 619 903 707 l),
926 625 965 684 et
985 620 1195 688 vehemen-

137 725 221 790 tior
242 721 442 806 sanguinis
466 741 598 788 versus
622 723 818 788 cerelrrum
845 731 997 802 motus,
1027 747 1196 812 quacun·

139 846 217 912 que
244 826 401 892 demum
443 844 557 892 causa
586 825 801 902 excitatus,
848 828 1120 894 convulsiones
1153 837 1194 895 et

139 926 391 1012 apoplexiam
420 905 537 994 toties
562 926 774 1002 adducens,
806 925 959 996 docent.
990 929 1195 1014 Prospexit

141 1031 265 1096 etiam
287 1035 429 1098 natura
458 1029 694 1112 providens,
722 1029 812 1096 dum
839 1031 1040 1114 sanguinis
1071 1033 1196 1118 impe·
1278 1056 1285 1072 ·

139 1149 228 1200 tum
248 1156 317 1220 per
332 1141 527 1201 tortuosos
549 1133 783 1199 arteriarum
816 1133 1014 1199 anfractus
1034 1136 1198 1220 mitiga·

138 1241 213 1304 vit.
245 1239 394 1306 sivero
417 1244 548 1304 motus
571 1239 781 1304 arteriosus
801 1238 935 1305 debito
962 1244 1020 1330 est
1040 1241 1203 1324 leugui··

139 1341 252 1424 dior,
272 1343 418 1410 cerebri
440 1342 598 1426 energia
618 1341 747 1407 minus
769 1361 920 1428 quoque
939 1343 1057 1428 viget.
1080 1343 1195 1409 Vide-

141 1466 224 1512 mus
253 1445 346 1511 hinc
376 1446 581 1510 sensiferos
611 1445 830 1510 functiones
860 1467 906 1510 ea
936 1449 1198 1530 proportione

141 1549 337 1634 deprimi,
369 1569 446 1636 qua
474 1546 673 1632 sanguinis
706 1547 820 1632 copia
856 1548 1060 1614 minuitur.
1093 1551 1197 1633 Quia

139 1657 344 1735 praeterea
360 1653 462 1718 vires
477 1649 602 1718 cordis
619 1651 662 1717 in
674 1649 875 1734 senguinis
888 1655 1040 1716 motum
1064 1675 1109 1718 ea
1131 1676 1195 1719 ra·

140 1760 253 1822 tione
273 1754 517 1832 decrescunt,
549 1774 624 1841 qua
642 1760 771 1836 partes
799 1755 966 1836 corporis
988 1776 1011 1818 a
1033 1756 1199 1822 centrali

143 1839 193 1927 eo
217 1861 366 1926 distant
383 1877 527 1943 organo
557 1859 636 1944 (V.
656 1859 722 1922 111.
742 1875 778 1940 p.
800 1869 874 1940 455.
890 1860 933 1944 );
953 1859 1132 1924 homines
1158 1869 1198 1928 et

144 1964 264 2030 brute
285 1963 478 2029 animalis
494 1960 623 2027 brevis
642 1959 734 2029 colli
751 1961 951 2054 sagaciora
984 1962 1194 2030 observan-

143 2077 236 2144 tur,
264 2085 379 2153 quam
393 2087 460 2146 ea,
481 2063 704 2150 quaelongo
727 2062 899 2148 gaudent
919 2063 1032 2133 collo.

142 2183 173 2206 ,.
210 2217 216 2228 '
236 2213 343 2276 Alter
362 2227 450 2270 vero
466 2205 613 2270 cerebri
625 2209 682 2268 est
692 2207 840 2281 motus,
863 2224 951 2270 cum
970 2213 1075 2274 motu
1098 2213 1201 2274 arte·

143 2315 255 2380 'rioso
272 2311 439 2376 minime¹
449 2306 762 2385 confundendus,
781 2329 850 2372 nec
873 2329 1091 2394 congruens
1111 2331 1202 2390 cum

148 2415 276 2483 cordis
294 2415 425 2499 pulsu,
446 2411 656 2478 momentis
669 2411 940 2494 respirationis
958 2411 1108 2503 (taso.)
1128 2433 1200 2500 po.

148 2517 488 2603 tiusrespondens.
520 2517 753 2600 Aprotracta
774 2515 884 2580 enim
906 2521 975 2580 aut
993 2519 1201 2582 vehemen-

150 2626 250 2690 tiore
272 2620 534 2707 exspiratione
562 2618 720 2702 sanguia
746 2617 785 2680 in
807 2617 1024 2686 ventriculo
1047 2622 1204 2708 pulmo·
1297 2693 1305 2708 ,

147 2731 235 2796 nali
253 2735 291 2794 et
311 2729 353 2794 iu
371 2728 461 2792 sinu
485 2725 621 2790 dextro
646 2721 886 2802 cumulatur,
911 2723 1013 2790 unde
1036 2743 1104 2807 per
1129 2712 1197 2806 eir,-

152 2849 225 2899 nas
246 2829 441 2916 jugulares
463 2829 505 2892 in
526 2825 634 2890 sinus
655 2823 881 2907 repellitur,
903 2843 978 2912 quo
999 2826 1200 2892 cerebrum

147 2935 403 3014 intumescit,
433 2951 632 3017 rursusque
659 2929 891 2996 detumescit
922 2931 1198 3014 adspirationis

150 3029 375 3118 momento,
396 3037 574 3126 sanguini
587 3033 752 3130 liberum
766 3034 813 3100 sd
827 3054 892 3099 cor
907 3055 1093 3102 recessum
1107 3055 1201 3102 con·

55 3185 58 3192 ·
152 3151 308 3217 cedente
319 3150 370 3234 1).
389 3148 487 3220 Bene
505 3145 597 3212 hinc
618 3148 755 3227 monet
774 3147 862 3208 Ant.
877 3143 1064 3217 Porrus,
1085 3162 1203 3208 ama·

149 3254 234 3336 jore
247 3269 433 3316 venarum
447 3243 685 3330 jugulerium
698 3243 799 3308 mole
821 3243 868 3312 ad
888 3244 1120 3328 impeditum
1133 3267 1202 3332 per

149 3358 354 3442 pulmones
374 3346 574 3433 sanguinis
593 3346 695 3412 itum
713 3348 891 3412 concludi
912 3367 1037 3431 posse.

234 3501 339 3566 Alter
357 3489 882 3568 estbiochemicuseffectue,
907 3510 1022 3576 quem
1036 3495 1194 3576 sanguis

152 3603 361 3672 arteriosus
385 3594 641 3683 qualitatihus
672 3597 774 3694 suis,
799 3595 841 3660 in
865 3594 1115 3678 pulmonibus
1141 3617 1204 3659 re·

151 3707 276 3791 ceptis
298 3699 351 3784 (t.
361 3715 450 3787 334-
461 3700 587 3785 337.)‚
609 3699 652 3762 in
678 3695 914 3779 cacephaton
945 3697 1108 3764 exserit.
1121 3699 1200 3766 Ru·
1292 3725 1294 3732 ’

150 3817 269 3882 hrum
289 3820 416 3874 autem
437 3824 613 3872 cruorem
635 3822 705 3889 pro
728 3823 771 3866 eo
790 3801 959 3890 requiri,
993 3807 1036 3866 ut
1065 3799 1198 3870 vitalis

151 3919 243 3993 eius
253 3915 411 3980 visceris
434 3917 676 3976 conservetur
698 3905 879 3992 energia,
899 3898 1199 3986 transfusiones,
1213 3906 1216 3918 '

131 4025 353 4089 aB1cflar
375 4017 584 4082 institutae
614 4013 698 4098 m),
727 4012 943 4076 luculenter
979 4011 1201 4076 ostendunt.

147 4123 366 4190 Arteriosue
380 4118 485 4183 enim
501 4117 661 4197 humor,
688 4116 737 4178 ab
755 4135 834 4178 uno
855 4133 948 4177 cene
968 4113 1009 4176 in
1038 4112 1198 4178 alterius

150 4219 599 4316 cerotidemtraciuctus,
619 4217 770 4290 nullam
789 4209 902 4302 ponit
914 4213 1198 4304 mutationem,
