2946 5000
267 389 331 467 su
511 387 596 456 sm.
622 385 669 453 n.
693 352 787 456 sse..
809 385 864 456 ιν.
883 387 941 455 oa
965 399 1099 456 sassa.
1123 413 1125 424 ·

368 533 402 601 θ)
421 530 578 588 MEGREL
595 529 676 608 apud
689 531 859 590 crvier:
873 534 968 608 vargi.
986 535 1076 597 Anat.
1089 531 1129 589 11.
1139 547 1169 608 p.
1184 509 1304 600 38ιῖ9).

364 646 583 749 *n'cuvtau
595 658 617 714 1.
634 675 667 716 a
680 677 710 736 p.
728 659 836 748 3865-
850 662 881 731 a)
901 657 977 718 ibit.
993 678 1025 734 p.
1042 658 1106 722 ass.
1125 683 1159 702 -
1174 654 1208 727 b)
1226 652 1302 709 nia.

330 807 362 863 p.
382 789 444 856 dos.
614 778 619 797 ¹
836 769 839 776 ’

364 921 393 988 o)
408 915 483 973 ibid.
497 934 529 993 p.
545 916 610 986 401.
640 943 674 960 -
697 914 853 972 nauata
866 915 964 981 Elem,
983 908 1115 993 physiol.
1133 912 1171 969 V·
1191 867 1303 986 niv·
1333 997 1338 1007 Ι
1396 939 1400 946 ’

362 1025 396 1096 d>
412 1024 487 1084 ibid.
503 1042 535 1100 p.
554 1023 616 1094 374.

696 1213 738 1288 s·
768 1223 844 1292 502·
963 1245 966 1252 ⁴

678 1393 875 1460 Paetina.

304 1657 306 1661 v
338 1581 526 1648 Tunicam
544 1581 704 1650 tertiam
725 1587 764 1646 et
782 1581 1030 1668 praecipuam
1042 1576 1176 1662 organi
1190 1575 1297 1644 visus

167 1735 170 1742 ,
248 1679 406 1771 partem
425 1689 596 1753 retina
616 1689 830 1754 constituit.
862 1687 1020 1773 Opticus'
1037 1687 1296 1758 enimnarvua

252 1783 274 1866 (
287 1788 316 1862 i·
341 1773 584 1878 456.n.11.)',
608 1787 695 1857 cuin
718 1791 829 1856 nullo
853 1789 932 1853 alio
955 1808 1074 1854 nervo
1088 1788 1297 1890 confluepa,

235 1888 297 1950 ·in
320 1891 409 1953 coni
437 1891 516 1976 fare
539 1881 703 1976 speciem
737 1891 1005 1972 contrahitur,
1037 1898 1076 1956 at
1105 1893 1295 1978 posticam

182 2019 185 2030 ·
251 1987 365 2055 bulbi
383 1983 533 2074 partem
554 1993 719 2062 adsedit.
763 1995 947 2080 Deposita
971 1995 1252 2079 nunovagina,
1273 2015 1298 2058 a

204 2103 210 2114 '
253 2099 350 2164 dura
378 2103 557 2187 meninge
587 2109 742 2187 accepta
764 2100 784 2188 (
796 2119 893 2186 quas
913 2101 955 2165 in
975 2095 1210 2194 pei-iastsum
1234 2121 1297 2165 or-

251 2203 358 2270 bitae
380 2213 418 2271 at
440 2193 996 2290 scleroticamcontinuatur),
1018 2205 1206 2268 lammam
1222 2205 1296 2269 cri·

131 2357 137 2366 .
249 2309 407 2380 brosam
430 2310 450 2395 w(
463 2313 620 2400 §.'a98.)
641 2317 840 2396 penetrat,
870 2309 1158 2396 filamantisque
1178 2328 1219 2392 30
1237 2311 1309 2374 se·⁴

248 2429 290 2506 ra
312 2413 354 2478 in
384 2413 558 2479 tunicam
590 2429 674 2479 eam
705 2405 958 2478 medullarem
986 2411 1217 2495 expanditur
1238 2416 1294 2498 ').

247 2514 383 2580 Ambit
408 2513 539 2581 retina
555 2513 837 2600 hemisphaerii
868 2513 992 2600 specie
1014 2521 1138 2580 totam
1164 2521 1292 2598 posta-

248 2609 394 2684 rioram
416 2619 585 2702 corporis
608 2617 728 2701 vitrei
747 2618 912 2699 faciam,
937 2619 978 2683 in
1002 2624 1112 2701 parta
1136 2619 1293 2700 antica,

251 2721 399 2786 duabus
419 2721 496 2785 fere
514 2723 630 2787 lineis
651 2741 674 2785 a
690 2720 926 2804 processibus
938 2718 1135 2785 ciliaribus
1149 2741 1291 2809 aequa·

248 2824 280 2887 li
301 2825 477 2908 margine
500 2823 674 2888 desinens
696 2813 1291 2906 ”tunnasautom-manifestus

250 2943 436 2991 nervosas
455 2925 567 3004 huius
580 2921 734 3002 tunicae
750 2926 964 2992 advertitur
976 2944 1094 2994 nexus
1107 2943 1192 2990 cum
1204 2925 1291 2992 cho·

246 3025 381 3094 roidea
405 3035 442 3094 et
463 3049 621 3114 corpora
643 3031 780 3096 vitreo.

301 3226 304 3239 ‹
330 3188 586 3255 consistentia
611 3191 770 3257 retinae'
785 3171 1018 3256 mollissima
1039 3196 1115 3267 est,
1146 3189 1287 3274 spiritu

178 3351 183 3360 .
246 3291 330 3359 vini
351 3299 388 3358 et
408 3293 791 3366 acidisminaralibus
805 3293 1082 3362 condonianda.
1123 3295 1289 3362 Exhibet

246 3399 413 3478 colorem
441 3400 675 3476 albicantem
695 3398 735 3463 in
762 3399 931 3482 adultis,
967 3405 1004 3464 at
1025 3399 1220 3470 rubellum
1244 3400 1286 3464 in

142 3547 146 3560 -
246 3505 380 3578 foetu,
405 3504 474 3570 ubi
491 3503 616 3574 simul,
629 3504 792 3588 orassior
814 3507 868 3567 ast
898 3509 936 3568 at
962 3502 1169 3586 diophane.
1210 3503 1286 3568 Pli-

245 3626 308 3673 aas
320 3607 505 3684 radiatas,
528 3628 551 3672 a
572 3607 698 3690 Ruys
713 3588 821 3673 ebio
842 3608 1035 3683 inventas,
1055 3628 1077 3670 a
1093 3608 1289 3672 diductio.

245 3729 294 3775 ne
317 3710 434 3792 oriri,
456 3731 541 3780 curn
562 3712 752 3775 violenter
772 3732 794 3774 a
807 3707 930 3776 vitreo
945 3721 1100 3794 corpora
1116 3709 1287 3776 detrahi·

244 3824 335 3894 tur,
364 3819 516 3882 nullum
535 3824 592 3883 est
612 3817 794 3895 dubium,
816 3815 1008 3909 siquidem
1031 3815 1159 3881 insitu
1173 3821 1287 3881 natu·
1400 3870 1404 3880 .

244 3925 321 3990 rali
344 3925 461 4005 plana
490 3923 642 4006 penitus
674 3925 737 3989 sit.
780 3921 939 3988 Fibrosa
963 3923 1112 3987 retinas
1130 3927 1286 3986 textura

245 4027 290 4093 in
311 4025 469 4111 homine
490 4025 555 4095 iix
584 4025 835 4099 discernitur;
865 4025 905 4089 in
928 4025 1061 4089 avibus
1090 4031 1221 4089 autam
1246 4027 1286 4088 et

209 4117 219 4144 ⁸
244 4131 416 4224 piscibus
439 4129 560 4198 fibrae
581 4129 788 4224 manifeste
815 4127 1023 4212 adparent,
1058 4131 1095 4190 at
1118 4126 1286 4191 laminas

242 4233 341 4306 duae
361 4236 503 4302 diversi
523 4233 664 4304 coloris
676 4275 690 4313 ,
720 4232 858 4324 quibus
877 4233 1130 4304 narvaabaec
1154 4230 1287 4304 tunica
