2904 5002
155 407 291 474 ‘saon
314 401 374 472 IV.
397 403 456 470 Da
480 415 640 467 suerro.
662 398 691 465 1.
704 411 865 465 caesus
881 412 1062 466 suerrus.
1108 405 1175 488 2105
1296 445 1298 452 ,

125 549 326 641 piti'cutis
351 567 432 633 ope.
478 543 676 614 accedunt
705 552 907 630 praeterea
927 549 1179 630 ligamen-

127 661 179 720 ta
202 652 278 720 duo
294 649 475 737 ,stipato
497 649 679 716 celluloso
699 656 809 716 textu
832 649 1079 718 constantia:
1114 677 1180 721 an·

117 739 253 820 ¹terius
276 775 304 820 s.
328 753 620 820 Valsalvianum
634 798 646 833 ‚
686 775 709 818 a
728 773 904 838 processu
933 751 1179 846 zygomatico

127 859 223 923 ossis
246 865 468 944 temporum
494 865 623 924 ortum
635 900 647 935 ,
674 856 791 944 inque
813 859 1048 924 anteriorem
1063 857 1179 924 certi-

126 969 270 1056 laginis
292 967 657 1062 auriculaepartern
683 951 898 1047 insertum3
919 971 1134 1052 posteriue,
1156 989 1181 1034 a

126 1079 240 1158 parta
264 1074 479 1140 mastoidea
498 1072 667 1157 ejusdem
691 1074 787 1142 ossis
809 1081 965 1157 natum,
990 1065 1030 1139 et
1052 1079 1180 1157 poete·

126 1178 227 1246 riori
250 1177 493 1265 cartilaginis
514 1179 620 1264 parti
639 1165 886 1248 adhaerens.'

131 1397 134 1406 ,
214 1327 384 1394 Exhibat
403 1324 507 1392 auris
539 1322 712 1392 humana
737 1318 969 1392 eminentias
991 1321 1120 1418 varias
1143 1327 1203 1389 st·

127 1429 292 1506 foveas,
317 1429 576 1516 peculiaribus
600 1428 824 1494 nominibus
844 1429 892 1523 ab
914 1427 1086 1515 antiquis
1100 1427 1182 1510 iam
1231 1509 1234 1516 .

127 1521 383 1616 scriptoribus
407 1531 614 1618 insignitae
637 1529 691 1618 d).
724 1533 854 1616 Margo
875 1533 979 1602 auris
996 1533 1179 1617 plicatus,

129 1657 223 1702 aurs
247 1633 402 1716 madia,
424 1655 539 1721 supra
563 1640 733 1732 meatum
752 1635 992 1702 auditorium
1004 1653 1180 1720 processu

128 1745 246 1823 acuto
266 1739 479 1825 incipiens,
509 1740 809 1830 xmaximumque
832 1741 1028 1806 auriculae
1051 1738 1180 1822 ambi-

130 1853 218 1910 tum
242 1845 418 1932 cingens,
443 1852 482 1909 et
501 1843 679 1910 desinaus
697 1845 738 1910 in
769 1843 908 1912 infima
927 1829 1043 1930 liaris
1057 1890 1070 1926 ,
1102 1845 1183 1911 ha·
1290 1865 1299 1878 ¹
1348 1859 1352 1876 ·

128 1947 171 2012 li
187 1947 375 2016 xdicitur.
418 1947 631 2016 =Parcllelus
651 1948 743 2014 huic
758 1955 797 2016 rt
817 1949 982 2014 interior
1002 1953 1181 2014 estant·

129 2049 303 2129 helix,
326 2050 503 2138 superius
524 2053 670 2118 duobus
691 2052 867 2120 cruribus
897 2057 1072 2128 exortus,
1108 2054 1181 2136 ‘po-

129 2159 298 2238 steriora
319 2165 357 2222 et
382 2156 573 2223 inferiora
606 2177 830 2232 excurrens,
864 2165 906 2222 et
925 2157 1100 2226 desinens
1122 2159 1180 2224 ise
1236 2241 1237 2247 ἵ

129 2259 533 2342 minacartilaginea,
559 2267 779 2326 extrorsum
792 2259 906 2338 flexa,
931 2262 978 2330 aa
989 2261 1181 2345 posterio-

129 2343 220 2430 ¹ram
243 2369 393 2428 meatus
418 2368 572 2446 partem
595 2363 811 2456 collocata,
843 2383 940 2448 quae
961 2363 1183 2427 antitra-

126 2489 215 2560 gua
238 2472 507 2556 compellatur.
551 2470 648 2536 Huic
677 2472 874 2556 oppositus
895 2479 950 2536 est
979 2478 1098 2558 trag
1112 2492 1181 2550 us,

18 2565 21 2573 ’
128 2563 369 2642 anteriorem
393 2581 543 2640 meatus
565 2581 714 2659 partam
739 2575 981 2670 custodiens!
1005 2561 1093 2644 'curn
1114 2579 1180 2644 lra-

127 2677 201 2744 lico
228 2678 382 2762 junctus
393 2718 404 2753 ,
437 2685 476 2743 et
502 2678 694 2763 sejunctus
728 2681 777 2744 ab
807 2673 1090 2768 antitragoper
1111 2684 1190 2754 in·¹

129 2784 350 2852 uisuram
374 2781 529 2875 auris.
574 2785 682 2856 lutra
697 2788 866 2853 helicem
880 2791 918 2852 st
941 2786 1181 2872 anthelioem

129 2887 316 2972 cartilago
343 2885 446 2952 auris
469 2888 714 2982 cavationem
738 2889 922 2968 exhibet,
946 2909 1063 2976 quam
1080 2903 1181 2953 sca·-
1217 2941 1221 2956 .

126 2989 287 3091 plrsrm¹
305 2990 460 3073 dicunt,
492 2995 531 3056 at
548 2992 719 3089 cernitur
745 2995 823 3058 alia
846 2995 948 3058 inter
972 2989 1181 3062 anthelicis
1311 3027 1314 3034 ⁴

129 3111 262 3169 crura,
295 3093 437 3158 fossa
459 3093 791 3162 innominata
818 3087 937 3162 dicta.
961 3084 1174 3164 Maximam

131 3203 266 3265 autem
287 3198 533 3266 cavationem
553 3199 700 3265 formet
716 3199 840 3280 media
853 3198 1094 3287 cartilaginis
1113 3221 1183 3265 au·

128 3301 277 3370 riculae
289 3321 391 3385 pars,
406 3320 502 3389 quae
515 3321 533 3366 c
547 3319 604 3368 on
616 3302 671 3368 ch
685 3323 737 3380 ae
754 3301 1048 3384 nominaverit,
1065 3302 1182 3391 inque
1259 3303 1262 3312 '

130 3410 307 3472 meatum
329 3401 568 3472 auditorium
592 3403 710 3472 ducit.
755 3405 799 3471 In
818 3411 928 3490 parts
955 3404 1094 3471 infima
1114 3425 1183 3472 au·

129 3512 281 3581 riculae
304 3510 426 3585 cutis,
458 3507 661 3592 interjecto
681 3505 789 3590 textu
819 3507 996 3575 celluloso
1010 3553 1024 3588 ,
1056 3512 1183 3576 multo

129 3617 247 3699 adipe
266 3615 394 3691 farto,
415 3613 575 3698 pulvilli
586 3612 754 3700 speciem
772 3614 932 3690 format,
953 3612 1018 3698 qui
1041 3610 1179 3685 lobu-

128 3719 209 3785 lus
233 3715 376 3802 <licitur
385 3759 398 3794 ‚
433 3721 473 3782 et
488 3715 733 3790 ornamentis
754 3715 907 3794 onerari
925 3715 1068 3786 suevit.

215 3855 384 3944 Insignis
405 3861 463 3922 est
478 3860 738 3928 musculorum
766 3857 995 3948 adparatus,
1020 3878 1092 3944 quo
1112 3877 1180 3928 au·
1218 3841 1225 3848 ⁸

127 3967 183 4040 ris
197 3965 523 4049 externaregitur,
544 3965 638 4034 licet
658 3963 790 4046 humo,
816 3968 865 4033 ob
890 3966 1104 4052 neglectum
1117 3986 1179 4032 eo·

130 4094 213 4154 rum
224 4091 343 4146 usum,
354 4071 386 4135 si
397 4071 583 4154 pauciora
594 4069 838 4156 excipiantur
851 4070 1038 4155 exempla,
1051 4070 1180 4145 immo,

126 4175 311 4242 bilssfere
330 4160 473 4242 habeat
485 4193 594 4240 aures
608 4175 660 4260 a).
678 4175 959 4242 Novsmautem
971 4179 1061 4260 eunt
1080 4191 1118 4262 ru
1131 4193 1176 4252 uf

130 4265 262 4346 sculi
284 4278 444 4358 auris,
469 4275 766 4369 quorumaliqui
789 4281 913 4347 totam
936 4296 1176 4363 auremmos
