2686 4994
298 134 322 168 N
427 149 441 170 κ

76 386 187 488 Ssorf
202 383 260 455 IV.
281 389 339 456 Du
361 395 520 454 suurru.
543 379 571 456 1.
588 392 750 454 uacuus
772 393 951 456 scurrus.
993 401 1052 474 ιιι
1147 404 1152 414 s

475 597 505 670 l·
534 605 609 677 525·

127 771 488 846 Differentiae
522 777 580 843 in·
605 759 940 848 animalibus.
968 787 971 800 ¹

80 945 132 1010 vSi
150 947 323 1030 partium
357 944 523 1010 relativa
546 943 595 1010 ad
622 945 791 1012 invicem
820 947 1054 1034 magnitudo

9 1050 241 1135 xcipiatur,
255 1052 389 1116 eadem
406 1053 485 1116 fere
502 1051 724 1138 labyrinthi
733 1059 818 1118 tum
831 1054 945 1132 ossei,
969 1059 1057 1117 tum
1093 1039 1126 1150 ”f

53 1155 301 1218 embranacei
325 1159 381 1218 est
402 1153 552 1218 fabrica
582 1157 623 1221 in
648 1157 926 1221 mammalibus
948 1161 992 1220 ut
1016 1157 1061 1220 in
1123 1191 1141 1228 r

0 1270 20 1315 ι.
39 1256 194 1338 omine,
217 1264 346 1344 estque
365 1261 594 1336 membrana
614 1261 813 1326 vasculoso
827 1291 844 1310 -
857 1251 999 1326 nervae
1019 1257 1063 1325 in

0 1364 139 1448 {rutis
156 1363 389 1458 uertebratis
411 1365 684 1448 conceptaculo
713 1383 820 1428 osseo
840 1369 950 1429 tanto
976 1385 1062 1448 per·-

0 1497 4 1521 ·
22 1467 178 1530 ectiore
189 1465 409 1546 recondita,
429 1472 576 1552 quanto
588 1468 837 1550 perfectiores
852 1469 957 1551 ipsae
971 1473 1062 1532 sunt

13 1569 186 1645 estiae,
222 1577 260 1636 et
282 1589 357 1655 quo
376 1571 500 1654 magis
523 1569 629 1634 auris
650 1578 808 1634 externa
836 1571 1062 1634 circumfluo

1 1672 238 1756 ae'ripatet.
280 1674 392 1758 Apud
425 1694 513 1739 aves
534 1675 783 1755 labyrinthus
805 1694 930 1740 osseus
954 1676 1064 1742 tenui
1160 1711 1162 1716 v

4 1784 52 1841 et
78 1775 175 1842 dura
192 1777 343 1842 lamina
365 1796 467 1842 ossea
489 1779 694 1844 formatur.
737 1779 900 1845 Cochlea
922 1799 1067 1845 conum

5 1883 139 1948 refert
157 1881 310 1946 brevem
322 1888 361 1947 et
383 1900 545 1960 cavum,
569 1879 674 1964 apice
687 1888 934 1963 truncatum,
954 1867 977 1946 a
997 1904 1069 1946 ve·

5 1986 164 2052 stibulo
187 1985 344 2071 oblique
364 1991 654 2070 etpostrorsum
667 1982 985 2066 descendentem,
1009 2007 1066 2052 se-

5 2091 194 2174 pimeuto
215 2090 470 2176 cartilagineo
483 2122 497 2136 ·
511 2090 833 2167 membranaceo,
869 2099 908 2155 et
927 2111 1067 2175 parum

4 2197 120 2262 flexo
141 2191 182 2257 iu
205 2193 433 2262 scalasduas
445 2191 627 2258 divisum.
672 2195 833 2257 Canales
852 2193 1070 2280 semicircu-
1163 2181 1168 2192 ’

5 2297 117 2359 lares
143 2296 184 2360 iu
211 2297 347 2361 avibus
377 2295 581 2380 rapacibus
603 2300 641 2360 et
662 2294 879 2380 noctivagis
901 2291 1067 2376 maiores

4 2403 100 2466 fere
122 2404 212 2463 sunt
231 2417 347 2486 quam
367 2397 407 2463 in
435 2398 581 2464 ceteris.
623 2397 867 2464 Vestibulum
896 2404 953 2464 est
976 2415 1066 2482 par-

5 2523 113 2568 vum
136 2498 516 2566 atsererotundum.
550 2497 771 2579 Generatim
784 2503 916 2567 autem
939 2501 1067 2586 major
1154 2521 1156 2528 ⁴

6 2604 237 2671 advertitur
255 2602 297 2668 in
314 2604 449 2693 avibus
463 2601 710 2690 labyrinthi,
734 2624 820 2669 cum
834 2603 972 2688 capitis
984 2623 1067 2668 ma·

5 2708 227 2798 gnitudiue
252 2710 388 2774 collati
410 2711 553 2786 moles,
579 2725 695 2794 quam
718 2708 760 2773 iu
778 2708 1069 2773 mammalibusa

1188 1345 1210 1396 Χ
1308 1396 1311 1403 .

102 2857 320 2940 Replilium
339 2857 659 2922 membranaceus
669 2856 918 2947 labyrinthus
939 2860 1073 2948 tribus

9 2961 223 3028 canalibus
259 2968 296 3027 et
329 2981 438 3026 sacco
469 2945 586 3025 unico
608 2967 781 3040 constat,
816 2957 1067 3044 paucioribus

10 3065 189 3147 exceptis
208 3064 322 3147 hujus
351 3063 479 3128 classis
501 3061 763 3140 animalibus,
795 3063 973 3129 cochleae
997 3062 1071 3128 ali-

11 3190 96 3258 quo
117 3171 253 3233 saltem
282 3166 507 3232 rudimento
531 3154 799 3249 gaudentibus.
844 3167 1002 3231 canales
1026 3167 1073 3231 iu

12 3273 145 3343 variis
155 3273 305 3339 borum
327 3269 522 3356 speciebus
544 3268 698 3333 varium
720 3268 869 3335 habent
880 3267 1071 3352 positum,

13 3382 185 3460 suntque
199 3375 317 3442 ¹vario
347 3372 462 3438 modo
491 3370 594 3435 flexi.
639 3371 775 3437 Saccus
796 3375 929 3437 autem
950 3390 1072 3438 mem·

12 3483 233 3548 branaceus
253 3496 375 3541 unum
394 3479 463 3539 aut
483 3473 612 3558 plures
632 3474 808 3539 continet
827 3475 985 3559 lapillos
998 3476 1073 3539 fri·

13 3582 147 3648 abiles
169 3580 232 3645 vel
259 3576 450 3662 mollioris
476 3576 759 3642 consistentise.
803 3577 1078 3664 Labyrinthus
1194 3565 1197 3580 ‘

10 3706 147 3754 osseus
168 3684 212 3749 in
229 3681 421 3767 plerisque
437 3676 641 3764 reptilium
661 3678 856 3764 speciebus
868 3686 998 3747 totum
1011 3681 1072 3746 sa·

8 3813 59 3860 re
86 3789 212 3854 ambit
222 3787 559 3852 membranaceum
569 3783 842 3869 labyrinthum
853 3829 866 3862 ‚
888 3773 1074 3851 r'slteuui

9 3894 166 3964 saltem
188 3888 346 3956 lamella
367 3907 533 3955 recessus
556 3887 633 3973 ejus
655 3887 875 3953 comitatur.
904 3959 908 3970 ¹

107 4036 151 4099 In
169 4032 338 4117 piscibus
355 4029 670 4096 membranaceus
682 4025 932 4113 labyrinthus
944 4015 1104 4092 tribus'
1141 3984 1149 4123 Ι.
1271 4061 1275 4073 ›

11 4157 173 4230 quoque
198 4138 349 4201 constat
372 4132 468 4198 satis
494 4129 713 4216 insignibus
736 4129 932 4195 canalibus
955 4126 1071 4192 semi·

10 4238 305 4324 circularibus,
329 4235 395 4332 qui
417 4253 547 4314 omnes
569 4236 613 4309 iu
634 4253 786 4306 saccum
809 4251 1075 4318 communem

430 4384 568 4471 ms*

387 4527 396 4556 x
492 4471 530 4516 Ι
