2920 4998
200 401 206 409 ·
297 382 369 457 sas
528 351 619 442 irs.
639 371 689 440 11.
710 375 803 440 css.
821 367 881 440 IV.
900 358 960 440 its
973 383 1118 440 sisso.

305 550 348 608 et
368 542 514 626 cryptis
546 541 757 627 maciparis
783 543 928 606 referta
950 541 1009 624 (ts
1025 543 1099 622 538.
1114 538 1156 625 ),
1192 541 1233 601 et
1249 551 1354 625 quac

305 645 470 714 surculis
500 649 611 712 nervi
640 646 839 714 olfactorii
871 644 1107 729 providetur¹
1127 646 1190 718 (ς.
1210 659 1286 726 539.
1306 644 1354 730 ),

304 751 439 838 quaeri
469 755 610 835 potest.
637 751 714 817 ·Ea
736 755 867 816 autem
895 750 1148 814 membranae
1171 755 1354 812 m'ucosae

303 855 454 922 indoles
471 856 520 921 in·
535 851 686 921 conchis
704 853 858 920 narium
868 898 881 932 ,
909 852 1027 939 inqua
1038 852 1238 933 superiore
1248 852 1354 936 septi

166 1000 171 1014 ι
303 965 416 1044 parts
437 965 596 1026 tantum
621 959 793 1036 obtinet,
832 965 871 1024 et
890 975 1031 1022 nervus
1057 956 1284 1021 olfactorius
1307 957 1353 1022 in

303 1083 484 1150 suprema
501 1066 627 1132 solum
649 1069 687 1128 et
706 1061 836 1128 media
852 1061 1020 1142 concha,
1043 1079 1087 1126 ac
1107 1063 1150 1126 in
1167 1079 1353 1148 suprema

303 1169 404 1253 septi
423 1165 577 1233 narium
592 1166 772 1250 portione
794 1165 1068 1230 distribuitur-s
1090 1163 1192 1230 unde
1208 1165 1354 1228 merito

297 1273 389 1356 jura
412 1271 640 1349 interimus,
663 1266 814 1334 easdem
836 1275 966 1354 partes
988 1269 1153 1334 olfactus
1178 1287 1354 1353 organon
1423 1283 1430 1296 “

243 1375 712 1462 proprieconstituere
734 1372 930 1442 Firmatur
949 1373 1044 1436 haec
1064 1374 1260 1438 sententia
1280 1393 1353 1457 per

304 1499 392 1542 sam
406 1477 830 1562 observationemque
843 1481 1019 1550 constat
1032 1476 1156 1540 dictas
1166 1477 1353 1557 pertesus

304 1583 413 1646 foetu
434 1581 604 1654 humano
616 1581 742 1644 multo
756 1578 870 1645 citius
883 1575 1012 1642 evolvi
1025 1623 1035 1654 ‚
1047 1579 1224 1662 ipsosque
1242 1579 1351 1643 sinus

303 1683 415 1776 apud
428 1682 620 1762 insontes,
642 1682 895 1768 quibus-acris
919 1683 975 1742 est
995 1679 1198 1756 odoratus,
1222 1680 1350 1746 adhuc
1375 1679 1379 1686 ’

305 1785 540 1865 desiderari;
573 1787 655 1849 imo
678 1788 717 1850 in
747 1785 893 1851 adultis
914 1785 1033 1850 etiam
1053 1800 1352 1872 nonnumquam

305 1891 453 1962 deesse,
475 1889 623 1952 olfactu
643 1893 775 1951 tamen
795 1887 960 1972 vigente.
1004 1889 1185 1952 Testatur
1203 1896 1352 1971 praete·

239 1999 242 2006 '
303 2015 372 2061 res
394 1995 635 2068 pressais,
658 1991 869 2075 impulsum
888 2011 957 2075 per
975 1990 1199 2080 fistulsmin
1217 1993 1353 2060 sinum

304 2081 516 2165 frontate'm
533 2096 686 2174 adrem,
723 2094 903 2162 odoribus
931 2096 1157 2160 fortissimis
1184 2087 1352 2180 imprae-

306 2209 482 2290 gnatum,
506 2199 711 2276 odoratum
725 2218 800 2262 non
812 2195 1018 2275 adfecisse,
1042 2198 1131 2262 dum
1147 2199 1248 2265 idem
1262 2203 1354 2278 aiir,

303 2301 464 2388 naribus
475 2299 692 2375 adtractus,
712 2297 896 2396 olfactum
908 2299 1352 2388 potenteradficerste).

304 2406 374 2470 liis
398 2403 575 2482 adsedit,
609 2402 710 2490 quod
739 2421 830 2466 ossa
860 2401 1063 2486 spongiosa
1086 2401 1128 2467 iu
1149 2405 1354 2490 quibusvis

301 2511 455 2588 bestiis,
487 2509 631 2574 olfactu
654 2509 912 2595 gaudentibus
931 2509 1084 2584 adsint,
1110 2517 1149 2576 et
1169 2511 1350 2597 labyrin-

300 2613 396 2678 thus
419 2610 647 2677 olfactorius
669 2631 714 2676 so
732 2609 920 2692 malorem
940 2623 1059 2682 ne'rvo
1069 2615 1274 2682 olfactorio
1286 2637 1351 2683 ex·

302 2714 442 2782 hibeat
463 2715 679 2795 ambitum,
702 2732 775 2800 quo
786 2714 908 2802 major
922 2715 963 2782 in
975 2717 1024 2784 iis
1045 2718 1153 2805 viget
1166 2721 1246 2800 ejus
1262 2739 1347 2785 ssu-

302 2832 367 2882 sus
387 2815 578 2901 sagacitas
595 2814 664 2900 b),
694 2815 855 2916 sinubus
872 2817 1351 2906 inpermultisdsfflcien·
1439 2909 1440 2930 Χ

272 2951 279 2978 ι
302 2921 410 2988 tuus
434 2919 617 3011 (sps).

400 3120 555 3211 Reliqui
580 3128 713 3190 tamen
741 3125 896 3194 narium
927 3127 1122 3196 anfractus
1149 3135 1189 3196 st
1218 3127 1345 3210 sinus,

304 3247 469 3320 quorum
490 3225 709 3313 amplitudo
735 3227 777 3292 in
802 3229 1075 3299 mammalibus
1101 3255 1147 3302 ea
1173 3237 1255 3300 sere
1283 3257 1346 3302 rc·
1438 3245 1439 3266 ¹

302 3331 411 3398 tione
432 3326 557 3409 major
579 3336 657 3405 est,
681 3349 757 3416 qua
779 3324 923 3400 olfactu
946 3336 1115 3420 gaudent
1136 3341 1345 3422 sagaciore,

304 3433 506 3502 adsensus
535 3431 614 3508 ejus
637 3450 797 3498 acumen
809 3433 976 3500 iaciunt.
996 3435 1151 3504 Praeter
1163 3437 1204 3502 id
1227 3429 1345 3518 edim,

303 3533 406 3630 quod
423 3533 586 3598 humore
604 3525 751 3600 secreto
763 3535 935 3604 tunicam
947 3557 1142 3604 mucosum
1161 3557 1345 3606 carorum

299 3637 457 3706 narium
490 3633 721 3712 emolliant,
752 3655 913 3733 eamque
939 3659 1028 3707 cunr
1062 3639 1181 3731 pulpa
1202 3661 1345 3712 nervas

293 3763 370 3832 ,pro
402 3743 587 3810 odoribus
617 3742 849 3828 recipiendis
886 3741 1063 3828 idoneam
1095 3755 1344 3830 conservent,

187 3873 189 3880 ’
299 3850 533 3936 ampliorem
571 3848 759 3933 praebent
791 3851 946 3934 iocum,
987 3851 1063 3938 q‘uo
1097 3856 1182 3929 ae'r,
1216 3852 1344 3920 odoris

264 4007 267 4015 .
297 3953 508 4038 principiis
527 3952 674 4030 foetus,
708 3951 828 4038 recipi
840 3953 987 4039 possit,
1004 3955 1172 4030 subinde
1187 3957 1229 4022 in
1241 3977 1343 4024 msa·

298 4062 361 4140 tus
382 4055 537 4121 narium
555 4053 792 4126 deterendus.
816 4057 869 4132 Ex
887 4078 931 4122 eo
947 4059 1026 4126 fere
1038 4065 1117 4138 cst,
1141 4059 1243 4144 quod
1258 4059 1344 4124 odo·

295 4173 357 4229 res
374 4158 497 4228 tostos
516 4163 597 4226 tam
619 4155 734 4246 longo
754 4179 866 4248 saepe
886 4167 1061 4248 tempore
1071 4183 1182 4234 nares
1192 4169 1342 4237 nostras
