2920 4998
259 395 323 476 538
479 385 565 454 Lrs.
583 383 628 452 ΙΙ.
650 387 741 454 cnr.
763 383 823 448 v1.
844 331 904 446 Iis
923 385 1071 447 som'rso.
1131 445 1136 458 ,

253 537 340 594 'non
359 519 451 595 'vero
473 527 543 613 pro
565 527 750 593 normalis
769 527 897 591 somni
919 543 1034 589 eausa
1066 524 1203 590 haberi
1220 531 1308 610 pot·

268 638 345 702 est„
369 635 462 697 Sunt
495 637 626 695 autem
650 647 791 694 causae
824 628 979 703 variae,
1001 629 1222 712 systemati-s
1252 651 1309 691 ce.

262 723 428 801 rebrelis
469 733 665 816 energiam
709 733 988 816 deprimentes,
1014 739 1052 796 et
1087 734 1214 796 somni
1245 751 1310 795 ne-

262 837 483 904 cessitatem
504 838 735 902 adducentes
745 881 755 917 ,
767 837 878 904 modo
890 833 1022 919 paucis
1036 835 1307 918 adtingendus.

222 1045 224 1050 s
347 977 384 1059 1)
409 973 644 1036 Diuturnum
661 991 839 1038 sensuum
858 980 896 1042 et
914 979 1092 1040 motuum
1129 973 1310 1035 exerciti-

260 1067 327 1142 u'm
348 1075 616 1140 lassitudinem
640 1075 766 1166 gignit
784 1082 822 1148 et
846 1097 979 1140 sensus
999 1083 1213 1156 torporem,
1232 1079 1312 1136 est·

260 1201 335 1266 que
355 1179 563 1244 notissima
583 1177 831 1257 observatio,
854 1179 996 1242 mentis
1028 1179 1178 1241 labores
1204 1180 1312 1259 pari-

260 1291 343 1360 ter,
368 1303 410 1344 ac
437 1275 560 1366 magis
582 1284 686 1358 fere,
710 1301 824 1364 quam
862 1301 1084 1364 corporeos,
1120 1280 1311 1364 defatiges·
1388 1327 1391 1334 .

258 1407 314 1450 re.
340 1387 479 1449 Omnes
499 1385 603 1449 enim
622 1387 697 1449 hae
713 1386 979 1468 operationes,
993 1405 1077 1466 cum
1096 1383 1213 1447 vitali
1234 1403 1314 1446 me-

259 1489 505 1572 tamorphosi
526 1487 752 1568 ceteroquin
773 1481 1001 1572 conjunctae
1019 1487 1088 1568 (§§.
1108 1498 1182 1569 419.
1196 1488 1311 1570 552.),

260 1592 407 1656 virium
433 1591 707 1676 organicas-um
726 1595 881 1656 mutant
904 1596 1052 1655 statum
1067 1596 1127 1668 ,et
1148 1588 1311 1654 necessi-

257 1703 382 1759 tatem
405 1695 566 1781 quietis,
594 1713 670 1788 qua
701 1693 888 1776 pristinus
931 1691 1068 1778 vigor,
1092 1713 1135 1790 ec
1158 1693 1307 1757 virium

240 1795 519 1878 differentia,
550 1817 617 1880 per
646 1798 817 1860 actiones
854 1795 1041 1870 sublata,
1074 1795 1309 1872 reddantur,

255 1903 407 1986 'postse
447 1899 624 1963 trahunt.
669 1896 795 1963 Nimia
823 1905 957 1962 tamen
993 1900 1140 1964 virium
1170 1899 1308 1963 defati-

243 2005 368 2086 'gatio
401 2003 604 2070 molestam
634 1999 788 2067 inducit
816 2001 1110 2084 sensationem,
1128 2007 1309 2074 somnum

231 2151 233 2158 -
260 2105 521 2172 cohibentem.
1161 2133 1164 2138 ·

354 2251 399 2339 s)
432 2251 499 2314 Est
542 2251 661 2316 etiam
700 2250 914 2316 voluntatis
951 2257 996 2320 ut
1033 2251 1314 2322 Stahllena

208 2360 223 2427 ,“
260 2339 396 2421 schola
416 2349 509 2418 olim
524 2355 663 2420 'docuit
685 2357 771 2436 ’‘t),
795 2357 836 2421 in
859 2377 1046 2448 somnum*
1070 2365 1246 2441 potestas.
1268 2363 1311 2425 ln

259 2464 393 2523 nostro
417 2459 522 2541 enim
546 2457 709 2523 arbitrio
731 2459 960 2545 plerumque
975 2469 1055 2541 est,
1071 2463 1192 2528 oculis
1206 2465 1311 2526 clau-

226 2588 231 2601 c
259 2564 337 2643 sis,
360 2561 533 2627 cohibita
572 2553 819 2646 organorumx
835 2565 1016 2648 energia,
1045 2567 1106 2628 vel
1140 2565 1312 2630 adtenti-

264 2687 336 2730 one
358 2667 400 2729 in
423 2665 502 2730 alia
520 2665 671 2740 obiecta
685 2675 817 2752 ,quae
845 2668 963 2750 parvi
991 2667 1216 2750 pendimus,
1241 2676 1312 2734 aut

262 2789 360 2852 quae
383 2770 606 2844 nullatenus
628 2789 697 2833 nos
722 2767 935 2850 adficiunt,
960 2792 1166 2862 conversa,
1190 2779 1307 2858 etque

264 2871 440 2940 cohibito
462 2873 718 2944 conscientias
745 2875 935 2956 impulsu,
968 2876 1163 2961 placidum
1197 2878 1312 2962 nobis

263 2963 477 3042 ‘conciliare
495 2996 689 3040 somnum.

347 3124 391 3210 3)
415 3122 627 3192 Adducitur
644 3129 799 3188 somnus
819 3145 888 3210 per
908 3121 1083 3189 idearum
1106 3121 1313 3207 defectum,

244 3230 305 3290 ut
326 3225 367 3290 in
391 3225 620 3293 hominibus
638 3226 840 3293 hebetibus
856 3235 902 3316 et
933 3211 1093 3292 rudibus
1117 3231 1193 3304 est,
1229 3228 1309 3310 qui,

263 3328 308 3391 ni
331 3329 569 3410 pertraheres
591 3331 759 3416 corporis
780 3339 848 3397 aut
867 3331 1125 3396 incitamenta
1147 3335 1309 3396 externa

265 3431 530 3512 concitentur,
562 3456 651 3501 mox
678 3435 932 3508 somniculosi
960 3434 1074 3500 fiunt.
1106 3434 1311 3516 Contingit

263 3535 369 3601 idem
402 3537 450 3602 ab
477 3537 775 3622 incitamentis,
808 3560 905 3626 quae
935 3539 1109 3622 longiore
1134 3543 1310 3619 tempore

261 3663 339 3709 nos·
352 3642 561 3718 adficiunt,
588 3639 733 3732 suaque
752 3633 921 3710 relativa
939 3643 979 3708 vi
1003 3641 1189 3706 diuturna
1212 3640 1310 3703 ecti-

193 3815 197 3823 Δ
263 3768 336 3812 one
357 3739 600 3816 minuuntur.
632 3749 691 3813 stc
713 3769 736 3812 a
757 3750 1164 3823 sermone,consentu
1188 3741 1310 3806 musi·

210 3883 213 3892 ¹
254 3872 327 3933 co,
351 3853 531 3938 omnique
549 3859 758 3919 monotono
777 3852 943 3935 strepitu
964 3846 1312 3913 somniculosired-

263 3956 413 4038 dimur;
436 3956 490 4022 sic
515 3957 634 4025 etiam
664 3956 802 4042 longae
828 3953 1071 4020 narrationes
1101 3957 1172 4016 aut·
1202 3949 1313 4014 lecti·

260 4079 377 4140 ones,
402 4081 497 4144 quae
517 4062 581 4127 vel
602 4060 869 4126 adtentionem
889 4056 1125 4138 defatigant,
1150 4051 1212 4118 vel
1224 4053 1309 4116 nul·

261 4166 412 4232 tatanus
456 4183 541 4233 eam
586 4165 795 4245 excitant,
828 4162 1102 4230 somniculosos
1146 4178 1214 4224 nos
1248 4157 1307 4223 fs·

259 4267 386 4339 siunt.
