2946 5000
198 103 363 183 xt'

272 354 336 431 258
405 297 409 308 .
509 344 598 410 Lm·
622 341 671 412 11.
695 344 788 410 cer.
808 311 868 410 iv.
892 343 1100 413 Daseusa·

742 502 872 574 irato.

273 635 466 722 Quibus
490 635 579 702 sub
608 633 1027 707 circumstantiis
1060 637 1319 732 magneti·

281 741 373 807 ami
395 739 646 805 animalis
671 733 980 806 efficientia
1008 741 1301 808 evolvatur.

293 931 299 950 ⁸
352 923 690 1008 Quemadmodum
715 906 1107 1006 somnambulismus,
1140 931 1318 1013 phaeno·
1358 965 1363 970 ·

266 1028 394 1094 menis
405 1027 656 1112 magnetiemi
675 1027 858 1093 animalis
877 1030 985 1094 omni
998 1033 1150 1095 ratione
1163 1033 1320 1110 adfinis,

14 1201 18 1210 ,
146 1173 164 1212 ,
188 1133 210 1178 i
271 1134 387 1214 certis
408 1133 479 1198 sub
498 1132 821 1208 circumstantiis,
845 1131 1103 1219 nulleegente
1120 1155 1317 1228 'cousecr-

270 1243 383 1302 terna
397 1239 622 1320 comparet,
644 1238 704 1300 ita
722 1234 841 1300 etiam
863 1239 1081 1321 contingit,
1102 1245 1317 1304 utcoenae·

224 1405 227 1415 ,
266 1341 407 1404 athesis
426 1359 496 1422 per
514 1345 647 1404 causas
668 1339 840 1404 internas
860 1340 1052 1406 exaltetur
1074 1345 1113 1406 et
1130 1349 1316 1422 mutetur,

267 1451 422 1538 jamque
443 1437 658 1514 efficientia
676 1447 972 1534 magneticasua
984 1456 1120 1535 sponte
1131 1452 1317 1535 prolicie-

264 1559 343 1620 tur.
365 1553 477 1637 Apud
495 1555 674 1618 homines
693 1541 863 1634 iuniores
879 1598 891 1636 ‚
905 1555 1205 1638 temperamenti
1226 1577 1315 1621 ner·

268 1661 376 1739 vosi,
403 1660 467 1722 vei
478 1675 684 1723 nervorum
703 1657 1008 1736 adfectionibus,
1029 1657 1314 1746 hystoria,iry·

164 1789 172 1857 '.
267 1749 522 1850 pochondria,
544 1748 1143 1842 melancholia,convulsionibus
1164 1766 1234 1826 etc.
1248 1761 1319 1832 aa«,

266 1870 407 1942 sectos,
429 1861 531 1946 apud
549 1861 716 1926 feminas
739 1860 1001 1945 praecipuast
1021 1863 1194 1947 puellae,
1225 1869 1313 1930 tum

267 1969 332 2036 vel
352 1962 542 2040 maxime,
564 1962 932 2028 ubimenstruorum
954 1964 1106 2052 ingruit
1117 1964 1312 2048 periodus,

263 2071 533 2157 phaenomena
555 2067 777 2150 magnetica
790 2071 926 2152 tuapte
937 2087 1016 2133 non
1027 2053 1115 2134 raro
1126 2068 1316 2136 evolvun-

265 2185 331 2242 tur
357 2176 398 2262 ⁸)
409 2217 421 2251 ‚
445 2181 483 2236 et
502 2169 698 2256 contingit
709 2169 812 2233 idem
831 2172 1006 2255 saepius,
1027 2179 1072 2238 ut
1081 2173 1241 2258 propria
1252 2173 1314 2242 di·
1385 2237 1394 2248 ,

266 2279 433 2346 dicimus
452 2274 712 2358 experientia,
735 2273 783 2340 ab
803 2276 931 2342 animi
951 2275 1308 2348 vehementioribus
1406 2272 1415 2340 ’.

265 2381 606 2458 commotionibus.

348 2525 405 2608 Aa
419 2554 552 2608 causas
564 2546 758 2632 epternac,
779 2539 1082 2628 magnetismum
1095 2539 1307 2610 animalem
1388 2561 1409 2588 Ι

266 2635 547 2732 nonnunquam
567 2646 815 2729 prolicientes
826 2689 839 2724 ,
861 2644 1032 2710 remedia
1049 2667 1069 2710 a
1088 2649 1310 2724 narcoticu-

263 2775 352 2821 rum
375 2749 733 2836 classepcrtinent,
752 2747 1125 2832 metallapraeterea
1146 2751 1313 2845 diuersa²

263 2861 409 2924 ferrum
428 2853 635 2952 praecipue
652 2851 935 2936 magneticum,
957 2871 1053 2938 quae
1071 2852 1310 2936 peculiarem

263 2963 307 3030 in
323 2960 516 3027 nonnulla
534 2953 740 3022 individua
752 2956 900 3022 habent
911 2954 1122 3038 indorum,
1142 2963 1308 3045 euntque

265 3081 427 3148 corpora
444 3061 523 3126 alia
543 3059 710 3135 diversa,
733 3078 830 3145 quae
848 3057 1095 3152 efficientiam
1115 3059 1306 3144 magneti-

219 3201 223 3211 ·
243 3160 349 3234 'cam
370 3165 609 3240 conducunt,
637 3161 824 3248 variaque
841 3161 1032 3226 suscitant
1051 3160 1094 3224 in
1111 3179 1308 3226 somnam·

260 3269 365 3338 bulis
382 3267 647 3349 phaenomena
667 3266 743 3349 ⁸⁶).
784 3269 911 3348 'Agens
934 3263 1189 3330 Galvanicum
1219 3283 1307 3331 ma·

266 3373 454 3462 gnotismi
471 3372 653 3437 animalis
663 3370 745 3436 vim
756 3369 798 3434 in
807 3367 1006 3436 nonnullis
1018 3370 1168 3436 casibus
1180 3373 1310 3458 auget,

268 3486 307 3544 at
330 3473 477 3541 minuit
502 3474 544 3536 in
566 3471 674 3548 aliis3
703 3471 839 3538 Ennea
857 3477 988 3535 autem
1009 3477 1048 3536 et
1067 3471 1306 3539 Haceuncca

185 3603 189 3610 ·
264 3581 307 3648 in
326 3578 458 3664 puella
479 3577 648 3663 quedam
661 3575 743 3639 solo
753 3573 936 3639 Voltenae
952 3573 1151 3640 columnae
1164 3574 1333 3646 effectos

262 3679 652 3750 somnambolismum
688 3677 926 3746 suscitarunt
953 3675 1011 3757 a).
1070 3678 1305 3746 Electricum

261 3790 385 3856 etiam
410 3787 596 3852 balneum
616 3782 666 3864 ad
689 3781 903 3866 augendam
931 3781 1192 3868 magneticam
1220 3781 1307 3848 vim

263 3892 436 3957 conferre
464 3887 617 3972 aliquid
644 3905 754 3972 possa
780 3885 909 3950 visum
943 3891 1002 3951 est
1030 3881 1093 3973 b).
1134 3883 1307 3972 Denique

260 3999 417 4060 constat
433 3988 795 4068 observationibus,
818 3994 1010 4054 astrorum
1033 4009 1212 4064 curcum,
1234 4008 1305 4056 an·

259 4101 302 4166 ni
322 4108 498 4182 tempus,
521 4099 644 4160 certae
656 4090 919 4180 dieiperiodos
932 4099 972 4159 et
982 4093 1303 4162 constitutionem
1337 4119 1345 4126 ·

262 4204 361 4270 airis
381 4202 555 4293 aliquem
572 4197 715 4268 habere
730 4186 971 4286 potestatem
991 4199 1034 4267 in
1052 4199 1305 4287 magnetiemi
