2904 5002
69 445 73 467 Ι
152 364 275 439 seor.
294 363 350 434 tv.
370 365 429 436 Da
452 381 613 438 suerro.
636 363 667 436 1.
690 379 848 434 orasse
870 376 1050 434 scurrus.
1092 374 1160 456 sep

98 509 169 594 n),
192 509 367 576 fasciolis
386 531 418 578 s.
442 511 645 582 zonulis
661 507 1159 602 quadruplicibus-,Fascic-

100 613 143 676 la
167 611 362 690 interior,
392 631 478 677 cum
503 614 675 682 modiolo
698 614 930 694 cohaerens,
962 615 1081 679 osseis
1100 615 1158 677 la·

98 711 234 778 mellis
256 712 405 780 duabus
418 715 646 784 absolvitur.
665 721 738 784 Has
752 719 855 784 inter
874 717 1051 782 lamellas
1070 715 1157 780 sub·

99 816 196 880 tiles
222 817 652 903 eristuntmanaliculi,
684 824 850 899 modioli
869 823 977 908 poris
997 840 1157 906 respon·

101 921 1159 1015 dentes,nerveaquefilamentaemediolisulcotrans·

99 1031 322 1099 mittentes.
368 1039 462 1128 Cum¹
485 1033 648 1100 fasciola
677 1055 785 1102 ossea
814 1031 955 1099 zonula
983 1027 1160 1114 iungitur

98 1135 305 1219 albicans,
327 1139 472 1205 flexilis
485 1186 496 1222 ,
516 1140 713 1225 pellucida
724 1184 737 1219 ,
761 1140 911 1206 lamina
925 1155 1074 1224 quoque
1088 1132 1159 1198 du·

96 1237 221 1322 plici,
255 1241 508 1328 cartilaginea
524 1243 850 1330 -membranacea
881 1247 1084 1315 constans,
1114 1235 1158 1300 iu

100 1361 227 1432 quam
256 1349 467 1414 canaliculi
491 1346 600 1432 prius
622 1350 831 1438 memorati
854 1349 1159 1424 continuantur,

101 1456 143 1515 et
165 1456 380 1516 cernuntur
405 1451 448 1515 in
478 1469 523 1516 ea
545 1443 836 1536 plexuli'aliqui
861 1449 1008 1516 nervei.
1050 1451 1159 1514 nane

99 1552 253 1636 excipit
272 1573 370 1616 zona
391 1555 690 1618 membranacea
707 1551 1025 1637 semipellucida,
1058 1571 1157 1638 quae

100 1649 388 1720 cum'fasciola
413 1673 597 1741 mucosa,
636 1645 678 1722 in
713 1657 946 1741 pericstsum
974 1652 1156 1720 cochleas

100 1763 363 1842 continuata,
385 1757 573 1844 jungitur.
811 1753 815 1762 ’

187 1903 234 1966 In
249 1901 312 1966 his
340 1899 519 1966 cochleae
550 1901 793 1969 anfractibus
819 1901 971 1970 canales
1005 1923 1157 1991 quoque

101 2008 248 2074 adsunt
269 2007 578 2089 membranacei,
606 1995 938 2094 vasasanguifera
955 2016 994 2076 et
1018 2031 1157 2076 nervu-

102 2117 190 2189 los,
220 2111 263 2175 in
285 2112 433 2194 pultem
455 2111 712 2178 medullarem
725 2117 934 2194 resolutos,
957 2117 1159 2182 continen-

100 2221 174 2282 tes.
221 2213 429 2298 Replentur
450 2212 482 2277 ii
504 2215 659 2286 canales
678 2221 716 2303 et
741 2217 956 2302 irrigantur
985 2217 1158 2306 undique

101 2319 270 2390 humore
298 2319 464 2410 limpido
496 2326 534 2386 et
561 2340 731 2410 aquoso,
754 2311 945 2411 aquula
966 2323 1157 2388 seusti-

103 2447 158 2494 ca
188 2427 340 2515 (cocu
354 2422 502 2509 nnii)
523 2422 653 2502 dicto,
686 2423 755 2510 qui
774 2426 972 2495 asteriolis
1001 2423 1158 2494 exhala·
1179 2449 1180 2454 ¹

97 2538 188 2616 tur,
220 2535 261 2598 et
296 2515 559 2615 peculiaribus
579 2529 911 2628 aquaeductibus,
933 2531 1036 2598 vasis
1058 2535 1157 2622 lym·

98 2635 277 2724 piraticis
294 2631 410 2697 facile
433 2631 633 2716 analogio,
667 2654 712 2725 ex
734 2632 915 2698 omnibus
935 2631 1159 2714 labyrinthi
1241 2622 1260 2636 ⁸

103 2741 319 2815 recessibus
339 2738 540 2823 recipitur.
582 2741 666 2806 Duo
690 2747 823 2807 autem
843 2745 932 2807 sunt
952 2741 1157 2826 praecipui
1182 2749 1185 2756 ’

58 2853 59 2856 ’
105 2840 1159 2936 aquaeductus,a00tunnioinventio),squs
1228 2889 1230 2894 -

99 2961 199 3027 Phil.
228 2956 354 3025 Fried.
378 2953 604 3020 Meclcelo
630 2952 845 3035 plurimum
868 2951 1060 3019 illustrati
1090 2955 1151 3039 p).
1251 2977 1264 3000 ν

102 3067 251 3132 Horum
266 3062 585 3133 ductuumunus,
608 3077 700 3165 aqp
716 3053 974 3124 ae'd'uctus
997 3059 1157 3126 vesti·
1250 3141 1251 3146 ἵ

101 3169 247 3246 buli,
269 3167 311 3232 iu
330 3162 524 3232 vestibulo
550 3164 621 3229 sub
636 3161 945 3228 communicatio
959 3161 1158 3230 canalium
1211 3215 1217 3228 ,

9 3311 11 3328 ι
102 3269 453 3342 semicircularium
466 3264 678 3350 superioris
702 3272 741 3331 et
752 3264 949 3333 inferioris
963 3265 1087 3332 oritur
1100 3267 1159 3352 q)3

105 3377 283 3466 procedit
306 3382 520 3444 extrorsum
533 3381 571 3440 et
589 3379 848 3458 postrenum,
870 3371 1160 3463 descenditque,
1291 3446 1295 3458 x

105 3485 263 3552 latescit
280 3479 442 3565 sensim,
465 3488 503 3546 st
516 3471 657 3544 desinit
669 3477 771 3544 rima
783 3518 802 3566 ,l
815 3476 1023 3561 posteriori
1042 3476 1159 3544 faciei

102 3589 201 3658 ossis
222 3587 366 3674 petrosi
386 3585 594 3670 insculpta.
637 3581 773 3662 Alter,
808 3582 1159 3674 aquaeductus

105 3689 376 3770 cochleae,
419 3692 463 3756 in
504 3689 609 3757 scala
649 3686 857 3773 tympani,
897 3703 1017 3770 prope
1045 3681 1157 3751 fene·

102 3804 230 3866 stram
249 3794 459 3864 rotundam
490 3800 650 3862 exortus
665 3796 733 3882 r),
771 3790 986 3859 introrsum
1019 3792 1059 3853 ot
1084 3808 1156 3875 po·
1185 3877 1192 3892 ,

13 3929 16 3936 ⁴
61 3955 71 3974 μ
105 3916 295 3975 strorsum
316 3905 466 3986 tendit,
487 3897 682 3974 descendit
695 3901 878 3978 demum,
903 3898 1060 3964 latescit
1070 3912 1174 3982 send

104 4015 202 4090 sim,
224 4011 457 4095 etsaperitur
478 4007 576 4073 ostio
597 4007 790 4091 triquetro
811 4007 855 4100 in
876 4004 977 4070 facis
991 4003 1154 4076 inferio·
1249 4080 1251 4084 .
1297 3981 1304 3998 ’
1329 4023 1331 4030 ’

103 4135 146 4182 re
171 4115 264 4181 ossis
283 4113 440 4200 petrosi.
483 4099 673 4176 Videntur
686 4113 825 4176 'autem
840 4104 871 4175 ii
889 4103 1155 4192 aquaeductus
1184 4139 1188 4148 v

66 4239 69 4258 ¹
105 4223 285 4292 insanas
318 4220 436 4298 durae
463 4213 656 4308 moringis
678 4208 842 4303 aperiri,
878 4211 1072 4312 siquidem
1092 4218 1150 4291 ts·
