2946 5000
345 407 455 476 seer.
475 401 505 472 1.
520 403 580 470 De
604 417 724 470 serso
746 418 967 477 coneorzo.
1084 451 1098 471 -.
1142 409 1203 482 261

160 551 234 622 bus
250 551 314 619 vel
332 547 493 618 tractim
512 547 661 636 tangit,
687 551 749 616 vel
765 572 862 642 'vero
874 553 1008 620 ductus
1020 552 1208 642 tecit-jux·

161 665 206 724 te
229 675 365 744 corpus
377 656 483 724 illius
495 655 544 722 ed
560 656 734 744 ntiquom
747 658 795 726 eb
809 677 852 724 eo
865 657 1108 728 distantiam.
1122 667 1205 751 ,An-

160 767 201 828 te
221 759 352 828 omnic
374 767 504 828 eutem
523 779 673 828 necesse
695 767 751 828 eet
764 807 775 843 ,
804 769 848 827 ut
872 763 1014 833 artifex
1042 785 1128 834 cum
1149 768 1203 829 el·

158 871 245 934 tere
257 910 270 944 ,
288 885 402 954 quem
424 865 597 934 imbuere
621 865 661 932 vi
683 867 903 952 magnetica
928 865 1125 948 intendit,
1163 867 1205 935 in

159 971 408 1038 harmoniam
423 975 591 1056 ponetur
602 965 745 1054 (drocen
762 983 917 1056 rapport,
935 991 975 1066 err
996 973 1203 1056 tormonte).

157 1077 239 1144 Hoc
262 1071 383 1160 igitur
404 1091 517 1160 scopo
552 1093 596 1140 ex
612 1071 771 1142 adverso
786 1072 864 1144 eibi
876 1073 1009 1162 sedent
1026 1080 1202 1160 uterque,

156 1179 223 1242 vet
242 1177 275 1242 si
297 1178 397 1242 tecto
418 1173 612 1244 incumbit
628 1191 750 1263 aeger,
771 1176 914 1244 artifex
935 1195 1049 1272 super
1068 1177 1201 1270 ipsum
1322 1226 1349 1242 ..

151 1301 236 1348 sere
258 1279 445 1376 inclinet,
465 1301 584 1350 menu
595 1286 759 1367 utreque
777 1281 957 1372 humeros
970 1277 1214 1380 leniterpref·
1304 1371 1308 1384 .

151 1383 308 1456 ,hendnt
330 1389 375 1450 et'
391 1386 524 1472 aliquo
548 1389 723 1468 tempore
744 1390 876 1455 tenent
887 1428 901 1465 ,
921 1388 1052 1452 mente
1069 1384 1204 1451 hecte-

154 1505 229 1552 nue
253 1488 430 1572 intente,
459 1487 570 1575 qussi
594 1484 846 1574 comprimere
869 1487 1045 1555 immoror
1068 1489 1202 1554 vellet.
1264 1535 1268 1548 .

152 1589 349 1656 Detrahet
360 1609 463 1656 nunc
474 1605 610 1656 merrus
621 1582 815 1675 linuletim
829 1589 937 1672 juxte
949 1589 1112 1658 brechia
1125 1591 1181 1656 ite
1189 1631 1201 1668 ,
1214 1652 1218 1662 ,

152 1697 202 1756 ut
220 1692 352 1776 pollex
370 1693 568 1768 internum
588 1697 628 1760 et
646 1690 763 1776 digiti
772 1699 972 1760 externum
992 1703 1123 1762 eorum
1142 1699 1203 1760 nt·

152 1795 316 1880 tingant
335 1795 505 1874 teciemr
527 1793 575 1862 sd
592 1793 791 1879 iuncturos
807 1795 1056 1873 breobiorum
1077 1805 1202 1880 peuce

152 1904 331 1988 tempore
349 1900 566 1968 subsistent
589 1921 751 1999 munus,
782 1921 880 1988 ques
900 1901 990 1972 dein
1007 1921 1077 1988 per
1099 1898 1202 1967 enti·

151 2003 378 2071 brachiaet
398 2005 533 2072 menu's
554 2001 806 2070 deducentur.
830 2007 1009 2092 Op'pmt
1026 2023 1125 2070 nunc
1141 2024 1202 2070 er·

149 2105 248 2174 tifex
271 2105 431 2190 pollicer
451 2107 756 2192 suospbllioibus
770 2107 874 2188 eius,
896 2105 1025 2194 quiet
1043 2106 1201 2173 reletie·

151 2213 244 2278 nem
266 2211 527 2296 magneticem
538 2211 736 2298 ponendus
749 2218 828 2290 est,
848 2211 983 2296 digitis
993 2209 1072 2276 suis
1086 2229 1200 2294 super

149 2309 334 2380 menibus
353 2311 464 2380 istius
479 2313 777 2398 quiescentibus,
797 2313 1103 2397 stincbostport
1115 2326 1199 2377 mo·

150 2436 238 2484 rem
259 2415 431 2502 aliquem
449 2414 611 2482 eandem
635 2415 887 2494 methodum,
910 2435 954 2482 es
968 2419 1099 2482 temen
1113 2399 1199 2481 cum

152 2519 328 2596 ceutele,
359 2525 568 2585 ut'menus
590 2519 763 2588 humeris
787 2539 919 2587 rursus
945 2517 1198 2604 adponendee

151 2623 267 2690 dorso
289 2629 463 2716 spectent
481 2621 658 2692 futurum
676 2623 989 2691 somnembutum
1000 2658 1012 2701 ,
1034 2643 1104 2688 nso
1117 2621 1197 2704 eius
1309 2711 1310 2720 ἵ

57 2811 71 2821 .
149 2730 360 2844 adtingunt
381 2748 532 2814 corpus.

233 2892 437 2960 Tractibue
461 2893 522 2961 hir
543 2890 1065 2982 eliquotvicibusrepetitis,
1088 2895 1194 2960 ultre
1216 2901 1221 2912 '

151 2995 418 3090 proceditur'
407 3017 449 3062 en
477 2990 659 3064 artificio.
702 2996 855 3066 Debent
887 3004 1018 3065 eutem
1048 3003 1194 3096 tractus

150 3099 285 3168 eedem
306 3118 456 3186 semper
477 3095 565 3166 fieri
586 3097 820 3180 directione,
850 3104 887 3168 et
908 3117 1045 3168 merrus
1068 3101 1195 3174 ertifi

152 3208 206 3286 cie
232 3204 300 3270 sub
321 3224 412 3270 ercu
430 3223 580 3289 semper
598 3203 711 3285 tolli,
732 3225 781 3272 ne
801 3203 1009 3272 minimum
1028 3198 1195 3295 tangent

147 3331 283 3402 corpus
301 3307 518 3394 magnetica
537 3305 749 3375 efficientis
769 3309 984 3377 imbuendi.
1039 3310 1192 3396 Etenim

51 3453 53 3460 ·
151 3415 425 3490 observatione
450 3419 622 3492 constet,
653 3419 799 3480 trectus
821 3414 1055 3494 contrarios,
1088 3409 1192 3482 utin

149 3521 328 3603 magnete
347 3517 528 3583 minorati
547 3523 666 3598 estu.
684 3534 759 3601 235.
774 3516 816 3601 ),
840 3507 1023 3583 effectum
1041 3517 1193 3584 tollere.

149 3619 376 3692 Generatim
396 3641 486 3685 vero
506 3619 755 3712 observetur,
790 3625 936 3686 tractus
965 3642 1049 3705 eos,
1083 3619 1151 3708 qui
1171 3639 1194 3684 e

146 3715 326 3810 pertibus
335 3721 601 3806 superioribus
611 3742 739 3790 versus
753 3721 957 3807 interiores
968 3715 1081 3802 fiunt,
1093 3725 1194 3820 mul·

137 3835 191 3893 ¹to
215 3844 292 3895 esee
314 3819 550 3908 efficeciorss
566 3845 683 3926 quem
695 3825 909 3909 oppositos,
930 3827 1089 3926 quivim
1104 3847 1193 3894 con·

101 3924 106 3935 ’
151 3931 326 3998 ciiietem
350 3899 519 4013 tolient,
550 3937 588 3995 et
611 3931 793 3996 molestos
811 3951 889 3998 non
901 3951 989 3997 rere
1001 3931 1191 3996 suscitent

151 4017 322 4100 effectus
366 4031 510 4100 Nuderi
531 4051 664 4118 corpus
676 4033 903 4121 neutiquam
917 4031 1051 4112 debet
1070 4033 1192 4129 siqui·

151 4137 243 4232 dem
270 4141 394 4202 vestes
416 4139 454 4202 et
481 4134 573 4201 lecti
595 4129 787 4222 stragulo,
824 4135 1033 4206 dummodo
1070 4140 1191 4209 etete

151 4219 658 4329 rericsenonrintconfecte
669 4283 681 4322 ,
701 4235 919 4308 efficaciam
933 4216 1190 4336 magneticem
1320 4283 1327 4312 2
