2738 4994
257 357 322 434 544
480 351 568 418 Lis.
587 349 630 416 ΙΙ.
651 351 742 417 css.
762 351 820 418 vl.
842 351 900 420 Ds
920 367 1072 432 conso.

362 499 393 570 θ)
409 493 597 554 russinis:
613 495 805 572 Pschoiogie.
820 516 853 574 p.
868 511 933 574 539.

741 658 818 740 5⁶5·

664 817 880 887 Somnia.

199 1017 206 1037 .
335 957 537 1044 Contingit
565 975 644 1026 non
674 982 789 1042 raro,
823 967 868 1028 ut
904 961 1145 1031 conscientia
1176 967 1302 1038 somni

251 1077 430 1156 tempore
448 1089 518 1154 per
538 1087 671 1134 causas
693 1070 823 1135 varies
855 1067 987 1154 aliqua
1019 1079 1133 1154 parte
1164 1076 1302 1140 excite·

176 1221 183 1238 .
249 1179 339 1250 tur,
362 1174 628 1260 perceptiones
651 1171 854 1254 internae,
873 1178 912 1236 et
936 1172 1231 1258 cogitationum
1253 1200 1302 1242 se-

248 1283 326 1348 ries
339 1283 583 1348 'suscitentur
595 1326 606 1360 ,
626 1280 723 1346 satis
744 1299 860 1365 saepe
879 1281 1022 1353 fortes,
1042 1284 1232 1350 confusae
1252 1295 1303 1352 ta.

248 1411 361 1470 men,
384 1388 562 1456 claritate
585 1392 623 1452 et
646 1383 829 1472 analogia
852 1387 1042 1468 intuitivas
1064 1387 1300 1472 destitutae,

250 1503 367 1583 atque
396 1493 548 1579 judicio!
571 1499 768 1578 expertes,
801 1491 994 1580 siquidem
1027 1477 1201 1580 insopiti
1230 1501 1302 1564 sint

245 1603 396 1670 externi
418 1621 571 1680 sensus,
599 1603 757 1686 solaque
795 1603 1083 1669 coenaesthesis
1117 1609 1302 1674 animum

248 1708 406 1788 incitat,
428 1726 503 1794 quo
523 1705 697 1789 perfecta
722 1705 783 1768 sui
814 1703 934 1788 ipsius
964 1707 1237 1788 conscientia,
1269 1719 1301 1778 et

198 1805 202 1814 ’
248 1807 678 1893 montisaperationes,
697 1805 919 1876 intellectus
938 1817 977 1876 et
1006 1812 1181 1877 rationis
1215 1817 1303 1899 legi·

249 1915 321 1980 bus
341 1911 634 1995 respondentes,
661 1907 837 1976 obtinere
870 1911 977 1978 haud
1003 1922 1168 1998 possunt
1208 1919 1299 2001 (vot.

247 2014 307 2080 IV.
327 2037 367 2100 p.
395 2021 498 2098 μω).
521 2009 670 2077 Medius
690 2009 763 2076 iste
785 2012 887 2080 inter
911 2036 1087 2082 somnum
1122 2039 1170 2082 ac
1209 2021 1305 2104 vigi·

246 2120 323 2186 iias
346 2123 495 2196 status,
524 2138 547 2181 a
576 2117 927 2187 somnambulismo
958 2129 1089 2190 temen
1121 2123 1305 2192 differens

249 2220 302 2308 (1.
329 2240 359 2288 c.
386 2240 424 2305 p.
447 2219 569 2304 2480,
586 2219 777 2286 morbosis
798 2220 952 2286 enimse
973 2224 1307 2294 hallucinationi·

247 2323 319 2391 bus
340 2323 496 2411 penitus
519 2326 706 2410 analogus
719 2369 732 2403 ,
753 2344 803 2390 so
814 2345 850 2391 m
865 2329 954 2392 niu
967 2349 1005 2394 m
1037 2331 1208 2398 dicitur.

331 2465 369 2532 Si
389 2464 626 2534 somniorum
642 2473 826 2532 naturam
846 2489 960 2552 porro
982 2477 1214 2551 scrutemur
1225 2473 1308 2554 ,ad-

247 2573 437 2640 vertimus
457 2590 608 2638 sensum
629 2591 855 2656 corporeum
878 2582 918 2653 (5.
940 2575 1223 2661 470.)tantum
1253 2583 1305 2644 vi-

245 2698 334 2762 gere
365 2697 451 2742 cum
486 2675 771 2760 imaginatione
799 2674 852 2758 (§·
870 2681 967 2760 553.)
997 2684 1034 2742 et
1059 2680 1303 2762 phantasia3

244 2783 397 2848 nullam
420 2799 510 2843 vero
533 2797 611 2843 esse
630 2776 844 2842 voluntatis
867 2786 1105 2860 potestatem
1138 2787 1237 2852 tum
1266 2785 1302 2850 in
1367 2799 1368 2872 j

170 2891 174 2900 '
233 2887 418 2954 actiones
437 2897 658 2966 corporeas,
680 2885 765 2946 tum
790 2881 832 2946 in
853 2877 961 2966 ‘ipius
984 2883 1127 2948 mentis
1163 2909 1307 2972 opera·
1367 2933 1368 2940 κ

164 2970 169 2981 ’
246 2969 396 3070 tiones,
421 3009 490 3054 nec
512 2989 822 3053 ullumrationis
844 2986 895 3073 (ς.
926 2992 1026 3077 555.)
1054 3004 1187 3056 usum.
1233 2995 1306 3059 Ao·
1367 2999 1368 3070 i

243 3098 375 3162 ferunt
394 3095 546 3162 somnia
564 3091 857 3176 perceptiones,
881 3112 977 3178 quae
997 3097 1225 3178 temporis,
1250 3101 1305 3162 io·

244 3217 664 3276 corum,numerorum
690 3202 728 3260 et
749 3197 915 3263 aliarum
946 3203 1147 3270 rationum
1191 3204 1307 3272 modo

246 3303 571 3376 destitituuntur,
601 3299 791 3386 siquidem
819 3303 954 3366 anima
984 3324 1117 3370 rerum
1157 3307 1309 3394 imagi·

243 3429 331 3490 nes,
353 3425 418 3491 per
439 3401 765 3487 imaginationem
785 3409 987 3473 suscitatas
1017 3410 1184 3490 videat,
1218 3437 1310 3481 suae

168 3573 173 3582 ,
244 3520 380 3578 tamen
404 3501 570 3571 actionis
600 3507 705 3571 haud
737 3509 907 3590 conscia,
936 3511 1175 3595 phantasiae
1217 3537 1311 3602 pro·

243 3613 445 3679 ductiones
467 3629 536 3694 pro
563 3609 766 3689 obiectivis
793 3613 938 3678 habeat
970 3617 1308 3702 perceptionibus.

241 3717 336 3785 Inde
357 3716 480 3800 igitur
501 3717 584 3789 ast,
607 3713 707 3800 quod
727 3715 1122 3802 somnientssnuilam
1142 3729 1311 3812 tempo·

241 3817 296 3886 ris
315 3817 591 3884 successionem
614 3817 812 3900 sentiunt,
843 3822 1053 3904 praeterita
1086 3831 1126 3890 et
1161 3828 1312 3894 future

240 3941 312 4008 pro
334 3920 608 4012 praesentibus
621 3921 811 4001 habeant,
830 3917 986 4010 longam
1009 3937 1232 3997 eventuum
1248 3955 1313 3998 se·
1366 3913 1367 3940 ³

238 4030 340 4096 siem
371 4029 478 4092 intra
507 4035 661 4113 tempus
699 4027 878 4110 exiguum
915 4035 1093 4102 adsidere
1133 4049 1315 4122 putent,
1366 4015 1367 4093 i

237 4136 303 4199 vel
335 4139 374 4198 et
400 4131 557 4214 longam
592 4131 813 4215 hyemalem
844 4141 997 4202 noctem
1029 4137 1189 4227 aliquot
1223 4146 1314 4212 sal·

238 4239 320 4306 tem
337 4237 457 4304 horae
479 4233 643 4301 minutis
661 4237 874 4322 praeterire
897 4241 1081 4328 cogitant.
1106 4245 1215 4312 Loca
1244 4259 1312 4316 et-

1215 4357 1310 4426 iam
