2904 5002
289 390 354 464 408
547 383 634 450 Ins.
656 381 705 449 11.
728 383 820 448 cer.
840 380 899 450 tv.
922 385 984 472 Du
1001 396 1134 450 sensu.
1247 417 1254 430 ·

288 529 405 617 paulo
424 534 516 594 ante
536 535 818 607 memoratum,
836 530 1085 617 cartilagines
1100 547 1163 597 eas
1182 535 1332 597 contra·

290 639 477 716 hentem,
500 643 539 702 et
551 637 712 702 mollem
724 643 875 704 meatus
889 640 1112 723 portionem
1130 643 1332 723 angustan-

289 746 372 806 tem
391 741 442 825 1).
517 745 526 822 ζ

372 925 603 993 Producitur
630 927 727 992 cutis
760 925 864 990 auris
893 930 1083 1014 externae,
1099 914 1334 1002 tenerrime,

289 1035 331 1096 et
352 1030 432 1096 acri
450 1049 564 1096 sensu
588 1028 789 1116 praedite,
812 1028 853 1096 in
879 1035 1052 1094 meatum
1074 1026 1335 1107 auditorium,

287 1140 336 1199 ut
365 1131 462 1201 adeo
491 1139 722 1217 osseeparte
750 1138 790 1196 et
820 1129 1119 1214 cartilaginibus
1148 1125 1334 1208 sublatis,

286 1238 605 1304 membranaceus
616 1240 818 1302 remaneat
829 1236 986 1300 canalis.
1007 1227 1336 1300 Esteacutiscum

285 1341 465 1426 partibus
483 1339 778 1424 subiacentibus
792 1359 858 1423 per
870 1339 1097 1406 cellulosem
1109 1336 1232 1402 telam
1249 1356 1337 1402 con·
1426 1383 1427 1386 η

228 1485 233 1490 -
285 1445 442 1531 juncta,
472 1451 512 1509 et
526 1444 697 1528 pilorum
714 1441 929 1527 rigidorum
951 1447 991 1505 et
1014 1441 1192 1506 brevium
1203 1484 1218 1518 ,
1244 1437 1333 1504 inda

286 1549 335 1613 eb
358 1550 533 1632 ingressu
560 1567 679 1635 usque
696 1545 864 1612 mediam
885 1546 966 1611 sere
986 1551 1135 1610 meatus
1154 1550 1333 1630 partem,

285 1652 407 1738 fem.
433 1650 621 1716 Redditur
632 1651 726 1716 haec
742 1650 878 1714 tunice
897 1669 940 1712 eo
958 1648 1136 1723 tenuior,
1154 1666 1232 1732 quo
1244 1664 1333 1730 pro·

283 1737 444 1819 fundius
463 1759 637 1819 meetum
647 1755 753 1818 subit
764 1797 776 1830 ,
795 1759 834 1817 et
848 1751 1015 1836 largitur
1034 1750 1196 1816 tandem
1216 1765 1333 1814 mem·
1426 1805 1427 1812 ,

283 1857 432 1926 branae
449 1856 633 1945 tympani
645 1855 955 1922 subtilissimum
968 1853 1247 1922 velamentum.

856 1957 858 1964 ’
1233 1953 1253 1996 s

366 2043 409 2105 ln
439 2041 633 2110 substrata
659 2040 841 2108 cellulose
870 2041 953 2108 tela
986 2041 1197 2128 glandulae
1237 2041 1330 2108 hae·

283 2152 376 2214 rent
405 2167 571 2232 parvae,
595 2143 781 2210 rotundae
809 2151 849 2211 et
873 2145 1022 2226 oveles,
1052 2145 1241 2224 flavidae,
1271 2165 1333 2230 un·

282 2251 488 2345 guinqsem
510 2250 739 2325 materiem,
760 2270 874 2313 ceru
886 2268 992 2313 men
1013 2235 1277 2326 secernentes,
1295 2251 1332 2312 et

281 2355 454 2421 ductulie
473 2351 681 2431 brevibus,
700 2357 827 2416 cutem
847 2351 1218 2435 persorsntibus,‘in
1230 2372 1333 2418 mea·

279 2463 344 2523 tus
357 2453 604 2542 superficiem
615 2456 815 2520 mittentes
827 2451 900 2537 m).
922 2455 988 2519 Est
1007 2460 1331 2522 sutemcerumeu

282 2543 371 2650 oleo
392 2560 504 2626 tenui
527 2559 687 2638 simile,
702 2557 916 2633 fluvidum,
938 2564 978 2622 et
989 2549 1221 2642 peculiaris,
1246 2580 1330 2625 aro·

280 2662 419 2730 matici
450 2661 603 2738 odoris,
631 2659 958 2744 amarissapori53
981 2663 1029 2727 ab
1052 2662 1153 2728 sitris
1182 2663 1331 2730 influxu

193 2785 196 2794 '
278 2763 493 2854 spissescit,
517 2771 554 2830 et
564 2765 708 2847 accipit
719 2766 991 2830 aurentiacum
1014 2774 1082 2831 aut
1100 2766 1326 2834 flammeum

282 2875 463 2939 colorem.
482 2871 557 2934 Ubi
575 2869 724 2935 diutius
752 2869 959 2933 collectum
991 2875 1173 2954 stagnat,
1206 2874 1248 2938 in
1268 2889 1330 2958 cy·

279 2976 426 3043 lindros
444 2971 1136 3068 solidosetlapideosfereformatur,
1159 2983 1329 3068 metatum
1426 3029 1427 3036 ,

279 3084 526 3151 obstruentes
537 3097 670 3162 saepe,
693 3085 734 3142 et
747 3078 980 3145 surditatem
994 3080 1255 3164 adducentes,
1273 3103 1331 3154 ss.
1426 3087 1427 3100 ¹

280 3207 385 3274 pone
404 3186 446 3251 in
467 3203 569 3271 aqua
586 3185 736 3262 soluto,
757 3188 796 3248 et
817 3183 860 3248 in
888 3190 1061 3250 meatum
1083 3184 1249 3272 injecto,
1271 3192 1332 3256 vel

211 3289 215 3298 ⁴
281 3309 380 3354 cono
395 3297 636 3373 papyraceo,
660 3286 785 3354 eidem
798 3284 982 3371 imposito
992 3294 1032 3352 et
1040 3308 1234 3370 succenso,
1253 3297 1328 3360 sol·

280 3392 442 3459 vendes.
480 3392 678 3476 Liquespit
710 3395 1035 3458 cerumencelore
1064 3396 1167 3477 leni}
1199 3396 1329 3486 prunis
1412 3389 1414 3396 ‘

283 3494 538 3590 candentibus
562 3493 749 3574 iniectum
773 3495 1038 3578 succenditur,
1068 3491 1199 3570 mittit
1217 3520 1328 3588 vapo-

279 3625 342 3672 res
356 3604 490 3679 albos,
511 3602 662 3687 spargit
677 3603 835 3668 odorem
846 3593 1174 3692 ammoniacelem
1197 3616 1236 3676 et
1253 3627 1329 3674 em·

279 3705 615 3795 pyreumaticum,
632 3705 829 3788 nigrescit,
852 3711 892 3770 et
912 3708 1105 3794 relinquit
1115 3714 1325 3780 carbonem

282 3807 490 3874 admodum
506 3808 646 3872 levem.
666 3809 738 3872 Pro
750 3827 789 3872 ee
802 3826 878 3872 non
891 3807 1004 3874 facile
1015 3816 1223 3894 putrescit3
1244 3829 1327 3880 eum
1426 3835 1427 3842 ¹

283 3919 533 4000 aquaautem
553 3913 697 3978 tritum
718 3911 972 3978 emulsionem
998 3915 1143 4010 formet
1162 3919 1238 3986 cito
1257 3935 1326 4003 pu.

278 4021 524 4082 trescentem.
536 4014 580 4118 In
591 4015 767 4100 elcohole
776 4019 977 4104 gsspartes
987 4021 1216 4102 ceruminis,
1232 4024 1328 4100 eslo-

280 4117 556 4203 readcedente,
569 4121 784 4197 solvuntur,
804 4121 877 4215 ΜΒ.
889 4121 1203 4212 remanentibus,
1224 4125 1326 4192 albu·
