2904 5002
293 312 405 434 socr.
428 365 488 432 lv.
512 327 744 432 ossuum.
767 361 814 432 11.
838 377 972 433 soros.
1120 305 1229 447 ‘itt'
1311 381 1314 387 ·

128 505 228 574 boec
253 507 294 572 in
309 507 533 583 conflictum
545 511 745 592 ponuntur
758 525 843 570 cum
854 505 1054 592 prioribus
1069 532 1079 573 e
1097 527 1183 575 mu·

129 617 267 676 tantur
285 613 413 696 figura
435 632 526 688 suo,
557 628 673 696 quam
695 601 771 675 sibi
791 612 996 678 restituere
1019 612 1185 678 elesticc

90 773 96 786 c
127 738 200 784 oua
225 717 266 782 vi
287 717 493 797 nituntur,
524 716 707 784 oscillent
729 717 1122 800 porticuloeeorum,
1145 723 1185 782 et

131 823 254 895 edunt
284 840 442 902 sonum,
478 819 544 906 qui
574 819 729 907 aequali
748 821 913 904 angulo,
944 839 1019 906 quo
1041 819 1184 884 incidit

128 925 449 997 reflectitur.
495 922 567 988 Ubi
587 923 720 990 reflexi
741 923 771 986 ii
790 921 878 990 soni
896 943 983 988 cum
1007 922 1186 1008 primiti·

129 1031 191 1094 vis
213 1028 347 1093 eodem
368 1033 543 1112 tempore
565 1046 658 1112 eure
679 1023 950 1110 percipiuntur
979 1023 1061 1110 (co
1076 1025 1184 1090 nso·¹

132 1157 160 1200 n
172 1154 229 1199 on
241 1139 258 1195 t
269 1155 317 1197 es
342 1135 486 1220 sunt),
507 1133 552 1202 bi
576 1141 790 1223 augentur,
810 1139 848 1198 et
863 1130 1086 1200 distinctius
1096 1145 1188 1216 per-i

132 1238 346 1322 cipiuntur.
391 1239 429 1301 si
449 1258 538 1302 vero
550 1241 667 1321 paulo
688 1237 839 1302 tordius
859 1235 1185 1302 reflectunturso‘-

129 1343 201 1416 ni,
228 1361 341 1428 quem
354 1340 549 1424 primitivi
570 1362 702 1406 eurem
722 1340 888 1423 feriunt,
910 1340 1110 1428 utriusque
1123 1363 1186 1407 or·-

97 1509 101 1514 .
131 1447 239 1513 dinis
259 1447 343 1512 soni
364 1448 534 1512 invicem
552 1447 865 1536 confunduntur,
883 1452 928 1512 ut
938 1446 1031 1511 odeo
1047 1444 1187 1511 distin·

131 1558 195 1617 cte
218 1550 347 1616 audiri
366 1529 623 1634 nonpossint.
649 1551 676 1614 E
698 1548 842 1632 regulis
864 1555 1018 1625 autem,
1043 1548 1186 1635 quibus

132 1657 222 1722 soni
243 1653 401 1718 reflexio
424 1656 580 1731 subest,
602 1653 713 1722 vario
730 1653 869 1764 exponi
887 1662 1052 1737 possunt
1061 1651 1185 1737 pbae

130 1777 316 1828 nomena,

217 1901 297 1964 Huc
319 1902 503 1982 ‚spectant
523 1897 751 1982 parabolice
780 1902 819 1962 et
849 1900 976 1982 polita
1005 1897 1183 1984 speculo,

133 2025 259 2097 quoe,
286 2004 322 2069 si
344 2002 392 2071 ud
413 2011 558 2070 cortem
584 2005 819 2073 distantiam
833 2004 907 2070 sibi
918 2012 1184 2092 opponuntur,

132 2128 248 2178 sonos
273 2109 316 2172 in
330 2110 459 2176 iocum
472 2109 673 2186 collectos,
695 2107 866 2196 adeoque
876 2110 1014 2174 robore
1028 2100 1186 2188 auctori

135 2214 315 2294 reddunt.
357 2215 440 2282 Huc
471 2214 670 2297 portinent
702 2215 869 2292 fornices
900 2215 1082 2292 sedium,
1116 2217 1187 2300 qui

136 2322 188 2385 sd
209 2325 331 2385 certos
353 2319 455 2401 leges
475 2319 640 2396 structi,
673 2337 786 2388 sonos
807 2319 1032 2402 primitivos
1051 2319 1187 2388 debite

136 2423 365 2498 reflectunt,
396 2426 434 2485 et
456 2421 649 2517 singulari
671 2421 785 2487 modo
815 2429 952 2506 augent
972 2422 1021 2510 ⁹).
1066 2424 1184 2488 Deni

94 2517 96 2522 ¹
132 2555 206 2626 que
224 2528 374 2616 spectet
395 2532 469 2596 huc
496 2532 681 2596 'tubarum
706 2531 963 2598 ecustiourum
983 2540 1049 2598 et
1034 2521 1183 2610 steri-to

131 2657 288 2704 reorum
309 2636 390 2716 vis,
410 2655 486 2722 qua
505 2655 688 2708 sonorum
698 2639 816 2706 robur
828 2636 929 2708 mire
944 2640 1100 2710 rationo
1114 2661 1182 2705 eu-

74 2746 78 2770 '
134 2750 262 2831 getur.
304 2742 495 2806 Putorunt
518 2740 922 2819 olim,instrumento
942 2742 1185 2809 hoecelasti.

134 2871 178 2914 ca
197 2866 266 2924 sue
288 2843 437 2925 indole,
466 2864 541 2932 quc
559 2849 789 2926 consonent,
814 2845 960 2911 auxilio
974 2867 1071 2926 esse;
1094 2849 1120 2914 1.
1135 2850 1182 2920 Η

133 2957 423 3024 Hnssuuuusrz
441 2954 570 3014 eutem
590 2949 721 3030 docet,
741 2957 865 3019 utrem
888 2951 929 3016 in
946 2950 1073 3016 minus
1095 2973 1183 3052 spo·

132 3063 236 3127 tium
258 3059 447 3123 reclusum
476 3056 524 3122 ed
544 3058 772 3124 intensiores
795 3021 997 3144 provocari
1027 3047 1185 3130 oscillo

135 3166 262 3229 tiones
274 3207 286 3240 ,
320 3167 357 3226 et
378 3160 513 3228 suadet
535 3160 1019 3248 simu1‚tubesejusmodi
1037 3165 1183 3248 tegmi

134 3287 183 3336 ne
202 3267 314 3332 lonso
336 3264 571 3330 obvelandas
585 3285 676 3346 esse,
696 3285 743 3329 ne
756 3265 953 3348 parietum
968 3285 1182 3332 consonan-

107 3377 110 3382 ’
133 3372 195 3435 tie
216 3389 327 3434 sonus
350 3366 576 3435 debilitetur
606 3371 679 3455 ⁴⁰).
720 3371 876 3454 Augent
899 3391 965 3434 ece
982 3371 1100 3435 tubae
1118 3392 1180 3437 so·

136 3495 232 3540 num
251 3493 319 3558 per
341 3474 382 3539 id
396 3472 625 3559 praecipue,
647 3472 750 3561 quod
774 3473 902 3539 radios
922 3493 1083 3538 sonoros
1103 3475 1186 3549 col·¹
1242 3511 1244 3518 ι

134 3575 261 3658 ligent
280 3574 321 3640 in
342 3581 542 3653 centrum,
571 3575 639 3645 vel*
655 3576 794 3641 saltem
812 3574 1106 3660 dissipationem
1117 3596 1182 3640 eos

135 3695 223 3745 rum
244 3675 475 3760 impedient.

158 3860 161 3868 ·
219 3826 311 3888 Cum
333 3826 568 3890 autemconi
594 3826 789 3909 primitivi
812 3827 855 3892 in
882 3822 995 3890 varic
1016 3839 1180 3906 corpore
1255 3847 1256 3852 ¹

137 3925 364 4008 offendant,
386 3947 482 4015 ques
502 3929 544 3995 in
554 3931 794 4002 vibrationes
813 3923 1182 4013 similesponentur,

136 4039 365 4109 consonent,
394 4034 513 4098 multi
533 4035 649 4100 simui
670 4037 755 4102 soni
767 4083 778 4114 ,
797 4037 846 4102 ab
865 4033 980 4123 unico
999 4053 1091 4102 sono
1114 4051 1178 4095 sue

135 4135 294 4212 ociteti,
331 4135 724 4221 curepercipiuntur.'
738 4139 831 4208 Inde
843 4137 965 4224 igitur
983 4141 1054 4214 est,
1076 4131 1180 4222 quod

136 4241 182 4309 in
202 4237 403 4319 conclavi,
435 4239 541 4310 duris
560 4241 774 4331 parietibus
797 4246 996 4311 constante
1013 4240 1178 4338 aliisquo

531 4349 533 4360 '
988 4346 992 4382 t
