2904 5002
296 387 363 459 444
553 381 640 448 Lre.
656 377 700 446 n.
718 381 810 446 cer.
830 382 888 448 tv.
915 385 975 450 De
998 398 1130 451 sensu.

295 521 563 602 vibrationes,
592 505 709 590 robur
730 526 818 612 soni
839 531 955 610 auget
979 532 1050 590 eut
1070 525 1229 591 minuit.
1270 525 1337 590 A’e'r

298 627 651 709 etmoopheericus‚
671 636 809 715 utpote
829 629 1145 695 consuetissimue
1164 649 1336 694 sonorum

298 731 510 802 conductor
543 731 611 816 (ς.
631 743 708 817 528.
723 735 741 820 )
752 777 765 810 ‚
789 733 838 801 ed
859 733 948 800 roni
966 737 1086 801 robur
1096 735 1183 818 peri
1195 733 1338 798 ratione

297 852 385 896 cum
410 835 602 900 densitate
630 856 702 900 rue
721 844 760 902 et
779 838 938 906 eleetice
959 839 1000 906 vi
1020 840 1183 904 confert.
1226 838 1268 900 ln
1286 836 1339 899 lo·

296 936 352 1000 cie
376 934 496 1018 igitur
513 927 831 1026 profundioribus
843 989 855 1022 ,
877 943 1015 1007 ceteris
1026 942 1201 1025 peribus,
1222 942 1339 1004 interr·
1378 991 1380 998 ,

293 1038 369 1108 aior
392 1047 449 1102 eet
467 1062 581 1105 sonus
593 1087 605 1122 ,
630 1061 747 1128 quem
769 1041 810 1106 in
832 1045 923 1111 eltis
943 1053 1076 1108 aerum
1098 1042 1338 1128 regionibus,

296 1153 337 1212 ct
359 1147 602 1216 advertimus
624 1153 668 1216 in
683 1153 833 1218 entliee
859 1147 1134 1242 pneumaticee
1156 1161 1339 1229 campane

294 1252 557 1318 tintinnabuli
578 1277 715 1322 conum
739 1279 784 1324 ee
811 1253 1060 1340 proportione
1084 1251 1238 1320 minui.
1267 1269 1338 1335 que

242 1357 246 1364 '
294 1363 359 1418 n'er
377 1363 580 1424 contentus
601 1361 862 1425 adtenuatur..
895 1360 992 1422 Atre
1009 1356 1110 1420 eicco
1136 1361 1176 1420 et
1198 1353 1340 1445 calido,

292 1462 339 1520 ut
356 1461 531 1542 tempore
552 1461 705 1529 aestivo
726 1469 784 1528 eet
796 1507 809 1544 ,
838 1479 1025 1527 cononum
1048 1457 1108 1525 vie
1130 1464 1188 1522 est
1209 1461 1339 1538 major,

292 1581 411 1648 quem
424 1567 602 1648 pluvioso
616 1611 629 1646 ,
653 1568 839 1633 nebuloeo
856 1571 896 1630 et
906 1562 1052 1650 frigido
1064 1569 1241 1648 tempore
1253 1607 1264 1639 ,
1278 1561 1341 1626 ubi

290 1672 418 1740 multo
445 1675 575 1738 minor
598 1675 699 1740 edric
722 1677 779 1738 eet
797 1672 931 1736 eleter.
974 1668 1099 1734 Solidi
1120 1668 1241 1734 etiem
1260 1688 1340 1731 con·

260 1845 264 1852 ,
293 1771 495 1850 ductores,
530 1780 577 1842 ut
600 1795 669 1860 per
693 1773 1279 1858 experimentaceu.1>erorre
1304 1775 1340 1836 et

289 1880 433 1945 dnum
465 1879 664 1962 innotuit,
697 1879 922 1947 erratione
946 1879 996 1946 ed
1012 1883 1098 1946 roni
1115 1880 1232 1944 robur
1255 1895 1338 1942 con·

290 1981 424 2045 ferunt
434 2023 445 2058 ,
475 2004 551 2071 quo
568 1983 760 2066 majorem
772 1987 918 2050 habent
931 1981 1171 2048 cohaesionie
1182 1981 1339 2067 gradum

293 2085 350 2169 ‘).
370 2084 461 2149 Cevi
489 2091 620 2150 eutem
642 2090 681 2150 et
699 2085 818 2151 solidi
829 2084 944 2150 simul
961 2083 1215 2150 conductores
1235 2103 1340 2149 eono-

255 2191 260 2201 '
293 2207 382 2258 rum
403 2190 485 2264 vim
506 2198 673 2278 augent,
694 2191 891 2259 radiorum
907 2190 1206 2278 dissipationem
1222 2190 1339 2275 impe·

292 2291 435 2365 diendo
455 2299 532 2383 **).

290 2467 293 2472 ’
372 2441 441 2506 Per
454 2461 617 2528 corpore
628 2442 884 2512 consonantia
897 2459 1008 2507 conoe
1021 2437 1246 2524 primitivos
1259 2433 1337 2518 plu·

290 2544 440 2609 timum
465 2548 598 2631 augeri
608 2593 620 2626 ,
645 2554 684 2610 et
694 2547 812 2612 robur
823 2548 956 2610 eorum
969 2547 1185 2611 cnm·euctc
1200 2541 1338 2605 dirtenr

293 2648 354 2714 tio
374 2641 619 2727 decrescere,
638 2649 757 2733 peulo
769 2653 861 2714 ente
872 2652 941 2731 (ξς.
961 2664 1036 2731 527.
1052 2648 1149 2732 529.)
1162 2642 1338 2708 diximus.

388 2803 428 2921 14Ἰ)
445 2851 644 2918 PEBOLLE(
654 2851 680 2908 G
691 2853 701 2906 i
711 2853 720 2906 1
731 2851 751 2908 h
762 2869 803 2908 er
813 2857 833 2908 t’
844 2871 858 2908 s
874 2851 983 2907 Annei.
994 2849 1024 2906 d.
1034 2847 1157 2922 Phyrit.
1171 2847 1223 2903 m.
1231 2863 1263 2920 p.
1274 2845 1331 2914 167·

360 2945 444 3016 effi).
459 2973 494 2984 —
511 2944 547 2998 L.
564 2942 603 3004 A.
622 2961 652 2999 v.
672 2939 796 2998 eamn
813 2943 911 3012 (ibid.
924 2944 978 3006 IV.
993 2962 1025 3018 p.
1043 2956 1104 2996 ιη.
1122 2943 1204 3010 eq.).

395 3077 450 3141 ⁴¹⁴¹*)
467 3073 560 3130 ΒῙΟΤ
583 3073 631 3142 (ὓ
642 3091 658 3130 e
669 3068 795 3130 hlen'e
814 3075 923 3135 Journ.
942 3075 964 3130 s.
981 3072 1014 3137 d,
1029 3074 1135 3140 Cheru,
1152 3073 1264 3155 Peyrik
1279 3079 1334 3136 etc,

352 3162 421 3224 vn.
435 3163 469 3226 B.
485 3164 513 3238 4.
523 3164 562 3231 ti,
577 3163 660 3227 1808.
669 3180 703 3246 p,
715 3179 780 3236 710,
796 3167 880 3238 ep),

750 3399 783 3480 §·
806 3414 883 3481 53¹·

590 3600 886 3670 Discrimen
925 3602 1052 3675 roni.

381 3792 525 3876 Corpus
547 3809 675 3866 omne,
698 3809 771 3875 pro
803 3788 956 3854 diverse
977 3790 1165 3858 materiae
1187 3790 1334 3865 indole,

283 3915 351 3980 pro
371 3895 483 3960 varie
510 3893 638 3981 figure
655 3902 694 3960 et
713 3898 932 3974 structure,
955 3915 1022 3978 pro
1033 3895 1186 3960 ratione
1211 3897 1333 3962 diver·

284 4022 349 4068 sce
372 4001 486 4067 molis
505 4010 543 4067 et
562 4003 805 4094 partiumled
826 4001 1050 4068 seinvicem
1073 4003 1331 4089 proportione,

284 4123 423 4168 sonum
434 4103 543 4169 edere
556 4105 700 4172 diversi
722 4112 739 4170 t
752 4127 805 4170 en
818 4126 839 4170 o
853 4128 871 4170 r
884 4107 925 4172 i‘e
943 4108 998 4182 (Ie
1017 4111 1189 4194 timbre),
1211 4108 1331 4172 obser·

151 4193 155 4204 ”
269 4208 395 4274 ¹vetio
429 4209 561 4295 dccet,
594 4217 634 4278 et
663 4209 869 4279 hominnm
896 4233 940 4279 ec
961 4211 1168 4282 brutorum
1190 4209 1333 4278 animr-

1232 4457 1247 4510 t
