2946 5000
278 263 349 406 god
394 283 397 290 ¹
549 311 1129 386 trn11.ocr.1v.nrsrusr

282 431 427 564 positi,
459 463 674 524 extrorsum
693 457 871 536 arcuati,
905 457 1036 522 medie
1055 457 1329 544 palpebrarum

281 567 376 660 part
379 589 397 660 e
421 562 648 648 longiores,
644 563 695 628 et
716 558 907 628 breviores
921 582 1051 629 versus
1067 555 1337 652 ut'1·ur‘nqueii-·¹

282 682 398 751 nem,
427 669 620 740 densiores
648 665 767 732 etiam
788 671 825 731 et
848 668 1088 753 longiores'
1077 689 1117 732 ιιι
1147 668 1331 754 palpebra

166 865 170 874 Ι
284 773 480 864 superiore
493 797 609 865 quam
622 777 664 842 in
685 775 890 851 inferiore,
910 771 1046 841 clausis
1063 773 1257 862 palpebris
1275 798 1331 840 se·

284 887 366 948 met
387 881 649 960 decurrentes,
680 884 719 943 et
737 873 972 944 similicum
994 878 1214 964 superciliis
1245 880 1331 956 uarii

283 988 552 1070 inservientes.
592 987 703 1050 'Inter
724 984 1211 1070 utramquepalpabrarum
1223 983 1331 1080 pagi·
1355 1013 1357 1020 ·

283 1109 377 1158 nam
398 1091 582 1156 o'ellulos'a
604 1093 660 1154 est
677 1091 757 1153 tela
768 1136 779 1169 ‚
796 1107 894 1174 quae
913 1088 1192 1174 pinguedinem
1210 1088 1333 1153 conti·

283 1199 351 1260 net
368 1231 382 1274 ,
411 1201 455 1260 et
475 1209 601 1263 arroso
622 1192 808 1268 humore,
841 1194 882 1255 in
903 1193 1043 1257 morbis
1062 1182 1331 1256 iacile'cumu·

284 1299 423 1375 lando,
461 1301 596 1368 scatet.
640 1295 845 1379 D'esor'ipta
873 1316 896 1358 a
923 1293 1199 1362 Winslo·wo
1231 1297 1330 1382 liga·

283 1387 418 1467 menta
449 1405 597 1480 tarsae,
630 1421 653 1463 a
672 1399 788 1464 durae
820 1399 958 1464 matris
987 1401 1202 1484 propagine
1226 1409 1332 1478 orta,

193 1520 198 1534 ’
282 1503 466 1572 intelam
487 1502 587 1568 hanc·
609 1501 831 1567 cellulosani
853 1505 1096 1572 resolvuntur
1117 1505 1175 1595 b).
1188 1505 1335 1570 Peculi-

286 1609 346 1673 ari
368 1619 517 1694 quoque
538 1599 749 1687 ligamento
768 1603 955 1688 palpebra
975 1607 1150 1689 superior
1171 1608 1332 1673 instrui·

286 1721 353 1779 tur
368 1753 379 1789 ,
401 1723 596 1794 proceram
584 1705 733 1771 nasali
747 1708 949 1772 maxillae
943 1711 1152 1792 superiori-s
1164 1709 1332 1777 firmato.

308 1827 549 1898 'Gaudent
565 1823 775 1946 palpebrae
795 1830 999 1910 musculis,
1028 1831 1167 1919 quibus
1190 1851 1259 1916 pro
1274 1832 1333 1895 ln·

273 1933 373 2004 bitu
392 1949 414 1996 a
434 1942 472 1996 se
493 1927 663 1995 invicem
681 1913 824 1994 uiuaci
845 1935 883 1995 et
911 1931 1080 2030 aperiri,
1112 1933 1328 2021 iterumque

288 2032 427 2104 obduci
450 2031 560 2100 oculo
578 2031 742 2116 possint.
786 2020 955 2100 Adtollit
973 2023 1201 2122 palpebram
1219 2055 1330 2122 supe·

287 2141 430 2209 riorem
452 2133 657 2202 leuatur
678 2133 884 2220 proprius,
907 2144 1049 2204 ortusa
1062 2136 1160 2207 dura
1181 2143 1330 2208 menin-

286 2237 354 2330 g'e,
379 2228 551 2325 optinum
569 2253 731 2302 nervum
761 2239 963 2324 cingente,
993 2242 1146 2309 latescit
1170 2246 1330 2318 sensim,

286 2353 326 2411 et
348 2337 490 2410 desinit
509 2342 551 2404 in
578 2339 754 2421 margine
779 2342 975 2424 superiore
1004 2347 1100 2409 tarsi
1128 2345 1185 2435 c).
1236 2347 1328 2409 Cum

287 2445 481 2516 musculus
493 2443 565 2508 isto
582 2427 806 2527 palpebram
819 2445 1056 2528 superiorem
1073 2448 1250 2528 adtollit,
1271 2447 1329 2510 lu·

287 2550 325 2613 ci
351 2548 543 2618 adcessurn
563 2537 605 2608 in
631 2543 790 2609 oculum·
813 2544 1012 2625 concedit,
1045 2569 1120 2637 quo
1143 2552 1186 2617 in
1215 2565 1327 2633 opere

285 2674 353 2744 per
374 2654 608 2733 frontalem,
639 2651 705 2739 qui
726 2650 975 2738 supercilium
1003 2664 1042 2723 et
1062 2660 1326 2728 orbicularem

287 2760 505 2831 musculum
537 2757 696 2846 sursum!
720 2757 897 2840 revellit,
931 2758 1152 2838 adiuvatur.
1204 2761 1327 2827 Etiam
1450 2809 1451 2832 1

287 2861 475 2954 palpebra
492 2859 664 2925 'inferior
695 2858 887 2952 fasciculis
910 2865 1059 2930 carneis
1089 2865 1235 2932 duobus
1262 2863 1328 2926 aut
1450 2861 1451 2870 ’

284 2953 445 3046 ιιί1ι“ιιι’,Ι
465 2987 488 3030 a
508 2961 682 3028 musculo
718 2964 932 3032 orbiculari·
948 2970 1117 3046 exortis,
1149 2971 1324 3036 deorsum

153 3081 157 3090 “
186 3123 189 3132 .
287 3065 511 3154 et·=angulos
532 3064 634 3132 oculi
652 3085 783 3132 versus
806 3065 896 3134 duci
916 3079 1065 3154 potest3
1095 3073 1178 3138 imo
1205 3068 1327 3137 mobi·

288 3176 365 3244 lior
385 3175 428 3238 in
451 3170 649 3237 nonnullis
677 3171 919 3238 animalibus·
940 3164 1104 3241 interior
1127 3184 1184 3243 est
1205 3175 1329 3259 palpa·

287 3279 360 3346 bra
377 3291 493 3361 quam
505 3275 682 3358 superior
698 3274 757 3362 d).
800 3275 968 3340 Adducti
983 3277 1187 3363 palpebras
1208 3275 1256 3341 ad
1276 3291 1329 3344 se,

289 3379 519 3464 oculumque
552 3371 727 3443 ob'volvit
740 3397 743 3402 ·
758 3361 948 3444 musculus
977 3382 1063 3446 orb
1077 3382 1091 3447 i
1105 3397 1157 3446 cu
1172 3383 1185 3445 l
1198 3403 1219 3444 a
1231 3399 1249 3443 r
1263 3377 1277 3439 i
1289 3395 1329 3447 ιι

288 3477 447 3572 utrique
464 3481 673 3567 palpebrae
686 3483 923 3561 communie,
946 3505 1082 3552 cavum
1096 3481 1247 3554 orbitae
1260 3479 1330 3542 cir*

287 3585 480 3664 rumiens,
511 3585 657 3651 ossibus
676 3584 789 3649 faciei
810 3583 1020 3663 instratus,
1044 3594 1082 3653 et
1102 3595 1215 3672 parte
1236 3581 1332 3648 aliea

287 3719 333 3765 ra
352 3715 439 3762 oum
454 3683 649 3780 palpebris
666 3687 901 3754 cohaerenss
923 3694 1123 3758 confletur
1143 3689 1267 3758 libris
1276 3681 1326 3746 el·

288 3803 471 3892 lipticis,
492 3795 538 3862 in
564 3795 729 3858 lacertos
757 3795 974 3876 congestis,
1004 3805 1134 3861 versus
1156 3799 1338 3877 tempffl

285 3908 423 3972 semet
430 3895 553 3982 magis
574 3893 884 3974 decurrentibus,
908 3904 948 4002 et
969 3897 1186 3984 adgregatis
1204 3889 1325 3958 adua

285 4006 322 4074 si
340 4002 511 4092 radicem
533 4001 589 4080 e).

356 4128 515 4208 agenta
536 4117 750 4192 orbiculari
777 4123 950 4189 musculo
963 4100 1325 4210 palpebraequidom

289 4229 524 4304 clauduntur
548 4231 587 4294 et
614 4231 746 4296 arcent
776 4225 871 4296 lucis
899 4226 1131 4296 inflexum
1120 4247 1160 4294 ιιι
1181 4213 1320 4288 oculose·
