2888 4994
184 368 294 434 sacr.
318 363 347 432 1.
370 362 625 432 srsrrusrrs
648 371 895 428 crrrrracrs
915 371 1102 465 sanares.
1148 339 1213 422 ¹55

161 512 225 580 nii
248 528 387 574 cavum
404 513 605 591 penetrat,
629 508 831 592 ipsamque
854 509 997 574 cerebri
1015 509 1129 575 basin
1149 519 1210 578 at-

158 612 375 696 tingendo,
404 611 675 693 ophthalmica
707 609 891 692 dimissa,
925 615 1212 678 communicen·
1267 591 1272 598 ¹

160 726 246 783 tem
272 713 457 779 arteriam
483 733 600 798 penes
620 715 758 780 sellam
780 715 970 780 turcicam
992 719 1212 800 posteriora

161 832 297 887 uersus
315 815 462 892 mittite
484 818 605 882 alium
630 819 794 903 largitur
814 828 1016 888 externum
1029 842 1210 904 ramum,

159 920 503 1006 adfossamsylvii
517 921 766 995 tendentemr
787 925 1108 1010 deniquealium‚
1129 947 1213 992 cor.

154 1032 246 1126 pori
272 1015 416 1106 calloso
440 1029 702 1112 adscriptum,
731 1031 799 1094 sub
821 1033 969 1097 fornice
990 1042 1218 1108 antrorsunr
1308 1035 1313 1050 ’

153 1139 451 1228 properantem,
492 1131 592 1204 torn
623 1134 884 1204 anterioribus
920 1143 960 1202 et
986 1141 1214 1212 ventriculis

158 1239 391 1316 lateralibus
415 1239 586 1302 surculos
614 1236 916 1312 submittentem
937 1241 1005 1326 b),
1031 1244 1213 1316 Providet

159 1343 305 1418 eurotis
329 1339 533 1418 cerebralis
547 1339 807 1408 anterioribus
827 1342 949 1425 magis
962 1347 1110 1416 cerebri
1121 1367 1212 1430 par.

145 1446 294 1530 tibus,
336 1451 465 1532 estque
499 1462 544 1505 aa
574 1443 727 1510 ratione
759 1444 937 1532 opposita
978 1449 1211 1518 arteriae
1259 1474 1263 1488 ¹

156 1548 414 1618 vertebra
428 1545 465 1614 li
481 1587 494 1622 ,
515 1563 612 1629 quac
633 1543 681 1618 ad
702 1547 937 1630 posteriores
960 1552 1103 1617 cerebri
1122 1572 1211 1635 par·

157 1661 218 1720 tes
231 1657 268 1717 et
283 1653 332 1718 ad
346 1654 473 1736 ipsum
486 1649 615 1715 tendit
635 1652 880 1722 cerebellum.
894 1653 960 1724 Est
972 1662 1102 1720 autem
1113 1638 1211 1728 haec

157 1760 312 1852 primus
333 1757 555 1822 subclaviae
577 1776 706 1830 ramus
728 1759 786 1844 c);
807 1764 985 1845 penetrat
1009 1761 1133 1830 cranii
1151 1782 1213 1824 ca·

155 1884 253 1936 vum
275 1884 345 1946 per
365 1879 550 1946 maguum
573 1860 776 1948 occipltale
797 1863 997 1937 foramen,
1018 1869 1056 1932 et
1077 1883 1210 1948 proca·
1251 1927 1255 1944 ,

161 1966 222 2030 dit
247 1968 316 2038 sub
340 1957 511 2028 medulla
531 1963 739 2046 oblongata
753 1959 907 2052 oblique
927 1973 1148 2032 antrorsum
1162 1961 1215 2035 'ac

163 2089 318 2146 sursum
347 2087 501 2144 versum
530 2067 706 2154 jungitur
728 2085 812 2140 cum
835 2067 940 2132 socia
961 2066 1001 2132 in
1025 2069 1213 2134 arteriam

54 2223 62 2230 .
159 2171 397 2248 basilecam,
423 2189 519 2261 quae
540 2171 582 2232 in
605 2171 710 2234 sulco
732 2170 861 2253 pontis
886 2170 1030 2240 llarolii
1052 2173 1214 2256 profici.
1287 2203 1292 2214 ·

160 2275 283 2346 ¹scitur
305 2277 351 2354 (t.
363 2273 491 2360 453),
515 2272 718 2357 mittitque
737 2293 864 2337 ramos
877 2271 1088 2356 superiores
1103 2281 1139 2340 et
1151 2276 1214 2346 in·

157 2379 321 2448 feriores
333 2372 533 2458 cerebelli3
556 2381 644 2464 ante
657 2365 849 2462 pontema.
870 2375 1048 2442 basilaris
1061 2379 1102 2442 in
1117 2377 1213 2441 duos

159 2481 503 2570 finditurramos,
524 2499 686 2566 quorum
718 2479 844 2564 maior
864 2479 916 2562 (a.
937 2481 1131 2564 profunda
1150 2501 1212 2544 ce·

160 2595 292 2678 rebri)
306 2589 596 2676 adportariores
615 2587 761 2658 cerebri
783 2585 893 2650 lohos
916 2594 952 2650 et
973 2587 1215 2656 inlateralea
1288 2587 1292 2605 '

160 2696 401 2763 ventriculos
414 2694 559 2772 tendit3
583 2710 717 2763 ramus
735 2689 863 2760 minor
885 2689 1212 2780 (communicans)

97 2811 101 2824 '
162 2823 283 2894 penes
312 2787 453 2868 'sellam
476 2799 663 2864 turcicam
687 2798 793 2867 recta
817 2798 1036 2859 antroreum
1057 2793 1213 2876 tendit,
1248 2821 1259 2836 ν

167 2907 331 2989 confluit
343 2928 428 2976 cum
442 2929 475 2972 a·
489 2904 802 2976 communicante
816 2900 1012 2976 carotidis‚
1036 2920 1121 2969 curn
1135 2921 1213 2986 qua

163 3031 297 3086 arcum
332 3011 538 3088 describit,
581 3010 719 3080 sellam
750 3007 994 3092 cingentem,
1024 3004 1213 3078 circulum

163 3117 328 3194 Willisii
348 3118 496 3190 dictum
521 3118 586 3202 d).

165 3257 168 3266 ’
251 3242 437 3308 Incedunt
457 3239 583 3307 dictae
600 3239 768 3305 arteriae
793 3237 1014 3324 serpentino
1029 3242 1212 3322 reptatu,

165 3339 372 3414 discedunt
408 3347 596 3411 continuo
618 3345 660 3408 in
680 3343 889 3410 subtiliora
910 3345 1089 3419 vascula,
1115 3362 1214 3423 quae

168 3453 405 3521 anastomosi
434 3451 751 3540 frequentissima
783 3449 939 3530 iuncta,
975 3449 1143 3515 reticula
1162 3449 1220 3518 ef·-
1247 3501 1250 3508 .

165 3557 323 3644 fingunt
354 3559 490 3634 varia,
514 3564 552 3622 et
572 3558 716 3622 abeunt
745 3573 831 3620 cum
851 3555 986 3620 tunica
1013 3555 1214 3618 vasculosa

164 3663 209 3729 ln
224 3663 482 3728 substantiam
504 3663 726 3742 corti-celem
750 3658 933 3743 (totu),
959 3678 1100 3742 paucos
1121 3658 1211 3748 subt·
1235 3647 1243 3655 ’
1315 3653 1318 3660 ’

165 3770 362 3840 mittend'o
376 3769 417 3833 in
429 3789 594 3838 massam
618 3766 872 3860 medullarem
891 3767 1070 3850 surculos.
1094 3765 1141 3826 In
1152 3781 1215 3824 ca«

142 3873 327 3960 vpillares
356 3877 520 3940 arterias
542 3875 700 3939 tandem
723 3872 975 3950 extenuatae,
999 3887 1083 3932 cum
1098 3885 1214 3936 vcna-

166 4001 255 4055 rum
285 3982 449 4050 surculis
471 3975 706 4068 junguntur,
744 3985 783 4044 et
803 3975 964 4043 tradunt
985 3972 1214 4056 sanguinem

166 4087 314 4152 venis
341 4087 571 4166 cerebri,
597 4106 692 4173 quae
713 4105 781 4168 per
808 4065 986 4149 corticem
1005 4078 1213 4162 praecipue
1272 4157 1276 4166 Ι

169 4191 456 4262 eivasculosam
470 4191 642 4257 tunicam
666 4189 880 4278 dispersae,
905 4186 1021 4274 inqua
1042 4181 1216 4254 medulla
1235 4203 1239 4214 ’

160 4290 247 4384 ipsa
270 4299 308 4366 ct
330 4296 431 4368 cavis
445 4291 623 4377 internis,
645 4293 693 4360 ab
710 4291 864 4364 arteriis
883 4295 1017 4380 tamen
1030 4275 1214 4370 remotae,
1272 4355 1276 4360 .
