2898 4996
194 375 305 440 secr.
329 371 360 444 l.
384 358 636 473 srsrr'ueirs
661 383 903 443 cranemere
926 385 1107 445 recurre.
1133 398 1191 464 ¹71

18 563 20 604 ,
146 533 229 580 non
250 512 422 594 dubitat,
460 513 627 579 medulla
654 514 799 598 spinali
828 516 1037 586 informari
1059 521 1194 586 viden·

18 669 19 684 ,
148 623 241 694 tur,
280 615 470 700 siquidem
491 617 532 680 in
566 617 745 683 Ascurida
774 617 1049 698 lumbricoide,
1076 625 1195 710 inque

18 779 19 798 ἶ
147 717 295 784 Gordiu
317 720 450 786 eadem
473 716 585 786 adsit.
629 722 672 784 In
695 715 908 806 neophytis!
927 731 1064 790 autum¹
1082 726 1194 792 nervi

18 821 20 876 i
146 843 222 888 nec
244 829 326 888 arte
346 821 432 887 sisti
453 830 628 906 possunt,
649 842 720 890 nec
738 823 1193 908 adsuutmomenlaalia,

18 2233 20 2296 l

147 925 292 1012 quibus
328 945 460 992 eornm
482 927 701 1010 praesentia
731 927 886 1011 penitus
915 929 1115 996 evincatur
1146 937 1196 1016 Ἴ.

143 1027 297 1094 Asteria
317 1021 446 1092 ta'men
467 1015 692 1095 aurantiaca
713 1030 1195 1122 L.,utT1eesuaureuie
1270 1035 1273 1047 '

148 1149 276 1214 nuper
288 1131 405 1197 evicit
418 1133 780 1209 observationibus,
804 1134 947 1198 annulo
961 1131 1101 1216 gaudet
1111 1155 1197 1203 ner·

149 1254 249 1308 veo,
282 1235 358 1298 oris
386 1232 538 1298 hiatum
566 1237 764 1325 cingente,
786 1235 867 1305 ,file
897 1237 1129 1304 medullaria
1148 1240 1199 1306 ad

148 1337 308 1416 radios,
344 1347 438 1424 eque
465 1341 526 1403 his
557 1341 726 1404 surculos
754 1339 802 1404 ad
835 1339 1057 1418 tentacula,
1098 1363 1196 1429 ques
1232 1407 1236 1416 ,

148 1461 221 1527 per
231 1443 434 1510 stimulum
445 1443 699 1508 Galvanicum
711 1443 828 1508 facile
839 1443 1095 1528 concitantur,
1113 1449 1198 1514 sub.

150 1535 338 1616 mittente
357 1547 428 1630 ”).
447 1545 505 1610 An
524 1551 653 1611 autem
672 1545 991 1636 zoophyta,'quae
1013 1551 1196 1634 homoge-

150 1669 229 1716 nea
248 1651 326 1714 fere
347 1654 385 1713 et
406 1649 623 1734 gelatinosa
645 1669 770 1714 massa
797 1655 973 1718 constare
993 1650 1196 1728 videntur,

153 1771 269 1817 eaneu
291 1759 421 1816 tamen
435 1759 472 1818 et
487 1751 759 1817 irritabilitate
772 1753 941 1836 gaudent
953 1754 1073 1836 (utin
1090 1755 1195 1836 Acti·
1249 1778 1251 1786 ¹

148 1854 229 1920 niis
253 1861 290 1920 et
313 1856 456 1940 Hydria
479 1863 536 1920 est
551 1858 745 1941 ),motum
766 1877 885 1944 aquae
905 1864 942 1922 et
965 1859 1061 1924 lucis
1085 1859 1197 1924 influ-

145 1977 240 2022 xum
270 1957 562 2041 percipientia,
602 1959 706 2024 omui
736 1979 887 2050 prorsus
920 1967 1077 2028 careant
1109 1981 1192 2027 ner·
1248 2037 1255 2046 ,

154 2078 292 2126 vorum
307 2063 470 2144 vestigio
484 2102 495 2137 ,
514 2068 716 2149 motusque
728 2083 858 2128 eorum
871 2083 938 2147 per
949 2066 1092 2132 virium
1103 2072 1196 2140 sim·

18 2195 19 2220 l
143 2163 310 2247 plicium
319 2164 568 2248 polaritatem
585 2164 843 2244 suscitentur,
856 2165 980 2234 decidi
992 2165 1194 2254 haudpot·

152 2273 222 2334 eet.

223 2409 383 2496 Aliquae
395 2433 423 2494 u¹
434 2431 452 2476 e
464 2433 484 2477 r
498 2429 536 2476 m
547 2411 562 2478 i
573 2433 597 2475 u
610 2429 648 2478 m
659 2413 798 2498 species
811 2409 971 2480 nervoso
983 2425 1190 2503 systemate
1208 2379 1214 2405 κ

154 2513 403 2581 instruuntur
417 2527 473 2580 sat
484 2517 704 2597 manifesto,
729 2537 813 2584 cum
827 2519 868 2582 in
881 2520 970 2584 aliis
983 2526 1193 2605 apparatus

152 2622 457 2690 nerveusoculoa
481 2621 560 2684 sere
579 2621 690 2704 fugit.
736 2623 778 2686 ln
797 2623 1008 2705 Aphrodite
1022 2626 1197 2691 aculeata

155 2723 342 2811 ganglion
365 2719 535 2789 cernitur
556 2723 803 2802 cordisorme,
826 2726 936 2807 gulae
960 2727 1196 2805 incumbens,

151 2837 344 2916 partesue
361 2828 537 2892 bilobata
555 2831 793 2911 postremum
808 2827 1013 2906 directum,
1025 2829 1095 2894 fila
1107 2851 1193 2896 ner·

154 2956 226 3007 vaa
239 2980 250 3012 ,
274 2941 459 3021 tanquam
482 2933 629 2998 cerebri
651 2935 793 3018 species
806 2981 817 3017 ,
841 2938 891 3003 ad
912 2941 1041 3004 varias
1066 2957 1198 3024 corpo-

156 3041 211 3108 ris
230 3045 363 3125 partes
383 3039 630 3106 submittens.
673 3039 1031 3126 Adsuntpraeterea
1042 3043 1201 3130 ganglia
1219 3049 1241 3128 ’ἢ
1279 3114 1280 3120 1

155 3143 381 3215 duodecim,
415 3141 552 3228 quibus
582 3145 692 3208 nervi
714 3145 1017 3231 intercipiuntur
1038 3151 1076 3212 et
1096 3149 1198 3212 mole

157 3253 361 3334 augentur.
404 3250 574 3330 systema
597 3266 780 3324 nervuum
800 3249 999 3317 Hirudinis
1021 3257 1061 3317 et
1082 3252 1201 3316 Lum·
1270 3259 1273 3264 “

158 3354 260 3422 brici
282 3351 475 3418 terrestris
505 3351 782 3418 loa-mmerrr
814 3354 1029 3420 illustravit
1059 3355 1115 3442 a).
1158 3355 1202 3420 In

158 3455 290 3544 priore
306 3455 514 3522 fasciculus
549 3452 658 3518 adest
684 3476 843 3522 nerveus
853 3501 866 3536 ,
888 3478 960 3543 ¹per
973 3463 1099 3524 totam
1118 3478 1201 3523 cor-

158 3563 269 3648 poris
293 3558 576 3642 longitudinem
605 3579 827 3636 excurrens,
850 3569 923 3626 'eeu
943 3562 1103 3647 spinalis
1122 3583 1202 3630 me·
1270 3583 1273 3594 ·

163 3666 285 3744 dulla,
307 3660 527 3746 gangliiea3
544 3663 731 3737 conflata,
752 3683 960 3731 nervorum
974 3667 1202 3758 paria,.·cer·

157 3775 200 3834 to
222 3767 357 3834 ordine
379 3765 592 3849 disposita,
617 3765 831 3839 dimittens.
864 3768 1201 3834 IuLumbricoeo·
1304 3805 1310 3812 -
1347 3755 1353 3774 ’

157 3871 279 3938 dulus
294 3867 514 3954 gangliosus
536 3869 694 3954 duplex3
724 3872 834 3953 gulae
854 3872 1060 3956 impositus
1081 3871 1205 3934 cerni·

158 3977 248 4048 tur,
281 3993 325 4035 ex
350 3990 423 4056 quo
443 3972 612 4042 medulla
630 3973 788 4058 spinalis
805 3975 907 4055 exit,
940 3975 982 4038 in
1004 3994 1076 4038 ano
1102 3971 1201 4037 desi-

156 4091 278 4151 nens,
301 4077 484 4159 utrinque
508 4096 714 4142 nervorum
727 4077 836 4162 paria
857 4079 1044 4142 formans.
1087 4075 1200 4140 simi-

18 4245 20 4272 ξ
150 4161 220 4248 ¹lia
242 4179 399 4246 nervosi
419 4180 641 4264 systematis
661 4163 866 4248 molimina
888 4182 930 4246 in
952 4180 1042 4248 aliis
1056 4198 1204 4272 quoque

164 4281 358 4372 vermium
381 4283 579 4370 speciebus
606 4281 766 4372 inventa
785 4290 874 4352 sunt
893 4283 951 4370 b).
