2910 4996
193 445 197 454 .
279 353 343 482 sgr
445 385 532 456 lna.
556 386 602 458 11.
624 334 1226 476 crr.1‘.·neuoronuseorsnr.

296 541 486 626 tanquam
497 551 565 616 per
578 527 842 596 mechanicam
856 529 958 606 vim,
980 515 1089 616 sequi
1106 533 1348 622 contractio*e

264 647 265 656 ’
297 655 409 712 nem,
434 655 568 698 varum
582 631 793 718 requiritur
802 632 969 722 ubique,
992 652 1056 696 seu
1076 635 1243 723 mupculi
1263 635 1345 702 sint

182 743 186 756 ’
296 739 496 808 voluntati
516 737 677 814 subjecti
690 779 701 811 ,
723 757 788 801 seu
807 737 1011 818 organicae
1034 737 1253 806 inserviant
1283 741 1345 806 vi·

298 839 375 926 t'ae,
398 840 525 908 activa
546 845 585 904 et
604 835 739 903 vitatis
763 837 930 923 energia.
960 839 1079 905 Docet
1099 839 1140 908 id
1161 844 1343 911 observa·

300 948 357 1012 tio
376 943 615 1017 communie,
638 961 713 1028 qua
735 945 905 1014 constat,
929 937 1086 1007 flexuras
1107 950 1145 1009 et
1165 951 1340 1012 extenso·

298 1069 355 1114 res
376 1025 490 1112 simul
511 1046 640 1128 egbre,
666 1041 934 1106 ubi'rnembra
946 1041 1154 1111 firmantur
1177 1053 1213 1112 et
1236 1047 1339 1134 riga·

208 1173 210 1178 ·
299 1155 436 1226 scunt,
469 1141 529 1231 id,
551 1142 652 1231 quod
673 1143 828 1209 arbitrio
855 1149 987 1212 nostro
1016 1141 1169 1214 efficere
1198 1137 1371 1233 priosu-X

298 1273 394 1322 mus.

221 1455 223 1466 .
287 1447 295 1460 .
326 1407 332 1426 ⁸
380 1391 780 1477 Dynamicamautem
801 1387 1064 1474 antagonismi
1076 1392 1268 1462 rationem
1280 1392 1339 1458 vi·

295 1498 386 1567 talis
405 1481 614 1560 nervorum
636 1491 790 1573 energia
810 1496 848 1555 et
861 1491 1144 1558 irritabilitatis
1167 1493 1336 1564 intentio

162 1589 175 1598 ’
299 1599 555 1688 constituunt.
589 1592 880 1672 Musculienim
910 1593 1066 1662 nexores
1090 1604 1128 1662 et
1151 1599 1338 1666 levatores

297 1700 493 1790 plerique,
516 1701 745 1795 cum'motus
767 1687 954 1778 plurimos
980 1698 1147 1770 creditos
1171 1701 1247 1767 eibi
1267 1699 1339 1768 ba·

295 1805 437 1880 beant,
459 1806 496 1862 et
514 1799 656 1880 majore
671 1793 755 1861 cum
777 1799 922 1863 virium
944 1800 1160 1867 intentione
1179 1822 1338 1889 operen-

259 1941 266 1960 Ι
295 1889 382 1980 tur,
403 1892 687 1969 fortiores'sunt
698 1891 962 1966 extensoribus
983 1909 1020 1966 et
1040 1901 1339 1988 depressoribus.

263 2063 267 2070 .
294 2013 412 2096 Exeo
434 2007 551 2091 igitur
573 2013 652 2086 est,
674 2006 774 2096 quod
796 2007 838 2072 in
860 2009 1142 2075 dormientibus
1165 2015 1271 2084 artus
1295 2007 1339 2078 in

212 2151 215 2158 ·
294 2097 492 2182 seniillexo
511 2117 616 2176 statu
641 2112 854 2195 plurimum
876 2113 1144 2198 reperiantur,
1174 2118 1212 2178 et
1233 2113 1337 2180 idem
1423 2116 1427 2125 '

296 2218 474 2284 obtineat
494 2215 534 2280 in
554 2213 751 2300 paralysi,
772 2215 841 2279 ubi
862 2215 943 2280 sola
965 2217 1043 2280 l'ere
1067 2221 1238 2298 superest
1258 2220 1337 2283 cla·

296 2319 397 2385 stica
416 2316 723 2400 carniumvis'J,
750 2317 844 2380 Sunt
854 2314 1006 2401 quidem
1019 2317 1225 2382 iimusculi
1236 2362 1247 2394 ,
1271 2313 1338 2404 qui

295 2419 427 2510 partes
449 2413 617 2500 corporis
649 2416 891 2482 sustinendas
923 2417 1093 2501 habent,
1121 2424 1164 2484 ut
1179 2421 1317 2505 capitis
1327 2461 1340 2498 ,

248 2593 256 2612 ,
296 2523 486 2599 cervicis,
518 2521 618 2588 dorsi
646 2529 684 2589 et
699 2527 893 2590 semorum
916 2523 1132 2592 extensores
1145 2569 1159 2606 ,
1182 2525 1337 2592 flexori'·

293 2626 364 2692 bus
386 2629 622 2699 robustiores
644 2629 724 2716 ”),
748 2627 861 2694 citius
878 2629 1121 2711 tamenyires
1134 2631 1337 2708 amittunt,

295 2738 335 2795 et
358 2725 563 2795 difficilius
584 2729 741 2795 amissas
760 2737 1001 2816 recuperant.
1027 2730 1118 2800 Inde
1139 2738 1216 2812 est,
1235 2733 1336 2818 quod

290 2831 490 2908 homines,
517 2835 623 2899 febro
653 2834 824 2919 typbode
846 2836 1089 2910 laborantes,
1127 2841 1336 2904 contractis

255 2989 267 3014 .
295 2941 450 3003 artubus
473 2943 511 3002 et
530 2944 666 3002 nunco
690 2939 870 3005 devoluto
892 2941 1065 3027 jaceant,
1087 2943 1189 3027 quod
1210 2950 1337 3011 terror

294 3049 333 3108 et
350 3041 422 3107 alii
439 3039 700 3124 deprimentes
721 3041 844 3108 animi
858 3050 1008 3122 motus,
1033 3064 1337 3130 omnesquecau·

232 3191 237 3198 „
292 3165 379 3220 sae,
399 3143 481 3208 vim
500 3162 681 3207 nerveam
693 3151 1003 3234 prosternentes,
1026 3152 1267 3214 extensurum
1279 3149 1336 3214 vi.

140 3261 142 3268 ’
186 3295 188 3306 ,
292 3269 351 3314 res
361 3247 455 3310 adeo
465 3243 732 3326 pessumdant,
754 3253 800 3315 ,ut
819 3246 1005 3314 sustinere
1022 3253 1334 3334 corpusampliue

293 3372 372 3416 non
384 3351 552 3415 valeant.
574 3347 615 3414 Id
635 3353 767 3416 temen
777 3353 974 3435 peculiare
996 3359 1064 3434 est,
1087 3351 1187 3437 quod
1206 3361 1334 3422 exten·

289 3453 396 3522 ‘sores
410 3451 859 3544 artuumfflalpebrarum
882 3456 1071 3519 levatores
1098 3463 1135 3536 et
1156 3457 1340 3524 maxillas

293 3561 530 3624 detractores
554 3555 700 3620 diutius
717 3576 827 3639 saepe
849 3557 1041 3640 energiam
1053 3559 1265 3646 retineant,
1290 3571 1334 3632 ut

293 3661 387 3726 adeo
412 3657 588 3722 homines
609 3657 756 3724 mortui
771 3660 955 3726 membris
973 3651 1207 3743 exporrectis
1221 3673 1259 3730 et
1281 3669 1335 3732 ri·

294 3763 496 3850 gentibus,
525 3758 647 3826 oculis
675 3761 881 3844 spertinet
904 3761 1131 3830 mandibula
1162 3766 1336 3836 detracta

294 3865 543 3954 potissimum
564 3863 826 3932 inveniantur.

375 4011 589 4076 Observato
611 4023 677 4079 eo,
701 4003 802 4088 quod
820 4005 902 4089 poli
923 4013 1079 4076 catenae
1101 3990 1335 4082 Galvanicae

254 4121 261 4136 '
292 4123 438 4186 certam
460 4099 627 4176 habeant
649 4105 689 4170 in
714 4107 996 4178 contractiones
1019 4118 1251 4181 musculares
1274 4139 1333 4184 re-

289 4223 473 4291 lationem
494 4213 539 4299 (s.
551 4211 643 4296 aaa)
658 4231 668 4274 ²
685 4229 719 4290 ÷
739 4231 874 4324 ¹³me0
895 4236 930 4302 p.
947 4237 1064 4286 nervo
1081 4221 1268 4304 subjecto,
1294 4227 1333 4289 et
