2946 5000
278 396 282 407 ·
385 384 498 454 sacr.
522 383 550 452 Ι.
572 383 631 454 Da
652 389 1008 462 terroremue·
1155 395 1218 482 ¹⁶³

171 521 331 612 potitor,
343 527 387 592 ut
398 513 537 594 harum
550 522 731 596 effectum
744 523 946 599 sufferant.
966 529 1028 598 Vc
1041 529 1055 598 1
1068 549 1120 600 ee
1132 551 1218 600 me·

24 664 29 673 ·
174 645 301 712 gruum
321 626 1222 720 protractibusmaioribusetproadtactueim·

171 729 271 816 plici
288 727 542 798 adhibentur.
586 730 750 800 Pereunt
771 739 902 802 autem
912 735 974 804 vel
985 733 1100 819 digiti
1111 755 1219 822 prae·

174 833 287 918 cipue
309 833 371 900 vel
389 833 521 919 palma
543 853 678 902 manua
699 835 922 920 admoveri;
945 839 1221 926 fortiuraguut

172 937 323 1022 prierre
334 975 347 1018 ‚
378 941 416 1002 et
436 936 570 1006 mitiur
586 939 798 1024 portariorc
816 939 927 1009 redet
946 941 1064 1009 etiam
1085 943 1221 1030 palme

171 1038 333 1108 admota
345 1039 494 1110 dotem
509 1047 546 1110 et
557 1059 732 1130 eparmea
744 1045 786 1111 in
797 1042 1097 1122 romoambulia,
1108 1032 1227 1114 ‘unde‘

169 1143 475 1232 adpliceticnrm
489 1147 568 1230 eiur
583 1147 810 1216 methodum
830 1148 910 1218 aad
921 1169 942 1216 a
954 1154 973 1216 t
984 1149 1065 1217 ive
1076 1165 1115 1216 m
1128 1145 1221 1232 (ocl-

169 1255 266 1346 Μ)
290 1251 437 1324 dicunt.
482 1255 656 1346 Denique
683 1263 846 1344 pereunt
871 1263 1019 1326 tractue
1044 1255 1132 1326 fleri
1153 1257 1220 1326 vel

171 1360 355 1450 prender,
386 1359 476 1430 inde
494 1382 517 1428 a
540 1361 665 1435 tronto
690 1361 873 1450 utrinque
902 1381 971 1452 per
1006 1361 1149 1430 collum
1178 1369 1218 1430 et

167 1443 696 1554 pectueurquepraecord1a‚
716 1465 778 1534 vel
798 1484 864 1553 per
877 1466 1142 1534 extremitates
1154 1483 1218 1532 ue·

171 1587 246 1658 que
266 1564 396 1656 apicer
416 1567 629 1655 digitorum
649 1566 828 1656 producti
845 1567 866 1658 (
874 1567 1216 1656 optandarum&

169 1679 240 1740 aut
258 1671 392 1740 brever
410 1669 539 1740 fiunt
526 1681 568 1740 ιιι
591 1673 756 1760 cingulis
775 1672 975 1760 parcitur,
1004 1671 1135 1745 eedem
1155 1669 1215 1741 ta*-

168 1791 261 1848 nren
279 1775 495 1846 directione
514 1774 744 1864 perficiendi
766 1784 925 1849 trectue·

223 2025 226 2041 ,
256 1957 452 2024 iterantur
470 1955 499 2022 ii
521 1957 691 2036 tractue,
717 1977 776 2050 ¹eo
812 1953 955 2026 lentior
987 1953 1214 2044 peragendi,

170 2080 246 2152 quo
266 2059 395 2128 minor
419 2066 475 2129 ert
487 2059 749 2147 receptivitae,
768 2061 884 2130 initio
907 2081 973 2150 per
988 2063 1107 2130 horae
1125 2079 1217 2151 qua·

170 2167 349 2236 drentem
369 2170 437 2233 eut
454 2167 570 2252 paulo
590 2165 762 2254 longior,
793 2171 832 2232 et
852 2162 966 2232 debet
983 2186 1028 2232 ea
1040 2165 1216 2252 operette

166 2271 303 2340 diebus
315 2269 505 2356 cingulis,
528 2269 587 2336 bie
600 2269 720 2338 etiam
734 2267 987 2352 antuerpiae,
1008 2263 1214 2354 etquidem

167 2381 302 2450 ecdem
322 2385 499 2466 tempore
520 2375 697 2454 institui,
737 2375 857 2450 donec
879 2375 1013 2444 debite
1032 2379 1216 2466 nequatur

165 2482 345 2566 reontio,
365 2485 426 2552 vel
450 2483 570 2550 donec
591 2477 1090 2550 decideratumadvertatur
1112 2498 1217 2546 mor.

164 2589 208 2660 ui
226 2589 441 2678 praecentio
464 2589 656 2654 levamen
698 2589 819 2672 Auget
842 2581 1083 2671 operationis
1104 2583 1187 2651 vim
1200 2625 1213 2662 ,
1346 2631 1350 2642 .

164 2693 236 2762 ubi
258 2712 394 2762 manue
423 2689 503 2759 leni
525 2695 677 2758 attactu
694 2689 847 2775 aliquot
874 2684 1080 2754 momentir
1099 2704 1214 2770 cuper

166 2797 315 2877 oculta,
332 2791 590 2895 praecordiie,
610 2809 722 2876 cuper
732 2786 939 2858 abdomine
953 2793 991 2854 et
1000 2805 1115 2876 cuper
1125 2805 1212 2870 tun

165 2901 288 2968 eturia
309 2898 573 2967 membrorum
592 2893 878 2982 relinquuntur
915 2891 996 2959 Huc
1016 2892 1135 2958 etiem
1154 2891 1212 2956 sa·

83 3019 89 3030 ·
167 3003 278 3072 ciunt
310 2999 676 3087 adopertionee
706 2995 912 3088 (charge),
953 3013 1050 3084 quae
1078 2989 1211 3080 digitio
1356 3050 1361 3058 .
1462 2967 1463 2974 ἵ

165 3105 298 3176 cubito
333 3101 508 3188 expansio
534 3099 661 3184 fiunt,
706 3098 806 3166 tenea
838 3099 1057 3186 palmarum
1093 3115 1213 3164 com·

165 3198 1228 3296 ριοιιὶοιιοι,ΙιαΙὶιιιιαᾶραίπιιιιιιαιιιιιιιιιιιις

164 3315 206 3378 te
229 3309 530 3398 adplicctionem
557 3307 723 3392 mittut,
762 3303 1062 3392 adspiratio
1091 3301 1209 3371 faciei

167 3421 237 3484 eut
249 3413 586 3505 praecordiorum,
604 3411 889 3500 ventilatio
906 3455 917 3493 ‚
944 3427 1040 3500 quoe
1054 3425 1210 3494 compo·

164 3523 251 3592 ritie
274 3519 430 3607 digitio
418 3517 614 3590 tadobaldi
633 3519 823 3605 operiam,
841 3524 881 3588 et
891 3519 1025 3588 tractre
1039 3535 1124 3586 cum
1136 3513 1211 3582 eli·
1318 3591 1320 3598 ¹

144 3641 245 3716 ,qua
264 3623 467 3692 velocitate
485 3619 859 3692 maniburinseriora
875 3629 912 3692 et
924 3622 1210 3694 exter-iocarer·

161 3748 225 3796 eur
243 3723 455 3814 perficitur
485 3727 552 3794 Hie
564 3727 682 3796 etiam
694 3715 819 3833 modia
831 3725 981 3797 dolorea
996 3731 1034 3794 et
1050 3720 1206 3812 eparmi,

168 3832 235 3920 qui
256 3827 542 3903 comcambuloc
564 3847 841 3919 nonnunquam
868 3828 1081 3904 invadunt,
1103 3824 1208 3910 ecpi-

165 3941 299 4004 untur.
343 3930 465 3997 Debet
480 3933 614 4000 tamen
633 3931 744 4002 varra
763 3951 877 4022 coepe
900 3929 1045 4000 tentari
1064 3923 1206 3994 redatr
1276 4007 1289 4036 x

164 4057 217 4106 ua
240 4031 466 4115 methoduc,
508 4037 637 4120 estque
666 4034 873 4122 peculiaria
903 4034 984 4100 Gm
1002 4027 1139 4097 elini
1169 4031 1209 4094 et

167 4137 446 4208 Heinekeni
475 4137 715 4219 obrervatic,
744 4135 999 4224 quudlocalee
1022 4128 1208 4200 adiectio·

168 4230 235 4320 aer
247 4286 259 4329 ,
283 4262 379 4336 quae
404 4259 492 4314 oum
513 4238 655 4329 majore
673 4247 852 4332 turgore,
887 4239 1028 4310 rubore
1049 4241 1088 4306 et
1104 4233 1207 4306 calo·
1242 4229 1246 4248 '
