<?xml version="1.0" encoding="UTF-8"?>
<!DOCTYPE html PUBLIC "-//W3C//DTD XHTML 1.0 Transitional//EN"
    "http://www.w3.org/TR/xhtml1/DTD/xhtml1-transitional.dtd">
<html xmlns="http://www.w3.org/1999/xhtml" xml:lang="en" lang="en">
 <head>
  <title>
</title>
<meta http-equiv="Content-Type" content="text/html;charset=utf-8" />
  <meta name='ocr-system' content='tesseract 3.04.00' />
  <meta name='ocr-capabilities' content='ocr_page ocr_carea ocr_par ocr_line ocrx_word'/>
</head>
<body>
  <div class='ocr_page' id='page_1' title='image "./physiologiamedi00lenhgoog_0220.png"; bbox 0 0 2898 4996; ppageno 0'>
   <div class='ocr_carea' id='block_1_1' title="bbox 0 2589 4 3383">
    <p class='ocr_par' dir='ltr' id='par_1_1' title="bbox 0 2589 4 3383">
     <span class='ocr_line' id='line_1_1' title="bbox 0 2589 4 3383; baseline 0 0"><span class='ocrx_word' id='word_1_1' title='bbox 0 2589 4 3383; x_wconf 95' lang='lat' dir='ltr'><strong> </strong></span> 
     </span>
    </p>
   </div>
   <div class='ocr_carea' id='block_1_2' title="bbox 182 321 1347 460">
    <p class='ocr_par' dir='ltr' id='par_1_2' title="bbox 182 321 1347 460">
     <span class='ocr_line' id='line_1_2' title="bbox 182 321 1347 460; baseline -0.015 -18"><span class='ocrx_word' id='word_1_2' title='bbox 182 377 288 443; x_wconf 72' lang='lat' dir='ltr'><strong>secr.</strong></span> <span class='ocrx_word' id='word_1_3' title='bbox 318 373 360 438; x_wconf 88' lang='lat'><strong>11.</strong></span> <span class='ocrx_word' id='word_1_4' title='bbox 384 370 441 436; x_wconf 81' lang='lat' dir='ltr'><strong>De</strong></span> <span class='ocrx_word' id='word_1_5' title='bbox 461 371 854 442; x_wconf 63' lang='lat' dir='ltr'><strong>sustenementum</strong></span> <span class='ocrx_word' id='word_1_6' title='bbox 874 381 1064 436; x_wconf 77' lang='lat' dir='ltr'><strong>oenone.</strong></span> <span class='ocrx_word' id='word_1_7' title='bbox 1119 321 1182 447; x_wconf 67' lang='grc' dir='ltr'><strong>ιιι</strong></span> <span class='ocrx_word' id='word_1_8' title='bbox 1235 407 1237 412; x_wconf 90' lang='grc'>-</span> <span class='ocrx_word' id='word_1_9' title='bbox 1344 450 1347 460; x_wconf 17' lang='lat' dir='ltr'>f</span> 
     </span>
    </p>
   </div>
   <div class='ocr_carea' id='block_1_3' title="bbox 135 477 1297 2886">
    <p class='ocr_par' dir='ltr' id='par_1_3' title="bbox 135 477 1297 2886">
     <span class='ocr_line' id='line_1_3' title="bbox 135 477 1181 604; baseline -0.013 -15"><span class='ocrx_word' id='word_1_10' title='bbox 135 543 177 590; x_wconf 84' lang='lat' dir='ltr'><strong>ee</strong></span> <span class='ocrx_word' id='word_1_11' title='bbox 194 524 348 586; x_wconf 86' lang='lat' dir='ltr'><strong>cinerea</strong></span> <span class='ocrx_word' id='word_1_12' title='bbox 368 519 533 585; x_wconf 84' lang='lat' dir='ltr'><strong>vasculis</strong></span> <span class='ocrx_word' id='word_1_13' title='bbox 544 477 966 604; x_wconf 80' lang='lat' dir='ltr'><strong>sanguiferieplurimis</strong></span> <span class='ocrx_word' id='word_1_14' title='bbox 985 517 1181 600; x_wconf 73' lang='lat' dir='ltr'><strong>percepto·</strong></span> 
     </span>
     <span class='ocr_line' id='line_1_4' title="bbox 140 623 1185 711; baseline -0.013 -18"><span class='ocrx_word' id='word_1_15' title='bbox 140 635 226 710; x_wconf 86' lang='lat' dir='ltr'><strong>tur,</strong></span> <span class='ocrx_word' id='word_1_16' title='bbox 248 631 329 711; x_wconf 88' lang='lat' dir='ltr'><strong>ipse</strong></span> <span class='ocrx_word' id='word_1_17' title='bbox 350 627 579 708; x_wconf 85' lang='lat' dir='ltr'><strong>encephaiue</strong></span> <span class='ocrx_word' id='word_1_18' title='bbox 602 625 832 710; x_wconf 87' lang='lat' dir='ltr'><strong>praecipuus</strong></span> <span class='ocrx_word' id='word_1_19' title='bbox 849 623 965 690; x_wconf 79' lang='lat' dir='ltr'><strong>facile</strong></span> <span class='ocrx_word' id='word_1_20' title='bbox 985 627 1043 688; x_wconf 85' lang='lat' dir='ltr'><strong>eet</strong></span> <span class='ocrx_word' id='word_1_21' title='bbox 1064 637 1185 703; x_wconf 86' lang='lat' dir='ltr'><strong>appa·</strong></span> 
     </span>
     <span class='ocr_line' id='line_1_5' title="bbox 140 723 1185 839; baseline -0.012 -42"><span class='ocrx_word' id='word_1_22' title='bbox 140 738 259 805; x_wconf 85' lang='lat' dir='ltr'><strong>ratus,</strong></span> <span class='ocrx_word' id='word_1_23' title='bbox 282 731 555 839; x_wconf 79' lang='lat' dir='ltr'><strong>quobioticum</strong></span> <span class='ocrx_word' id='word_1_24' title='bbox 567 730 791 814; x_wconf 82' lang='lat' dir='ltr'><strong>prolicitur,</strong></span> <span class='ocrx_word' id='word_1_25' title='bbox 804 729 899 794; x_wconf 89' lang='lat' dir='ltr'><strong>licet</strong></span> <span class='ocrx_word' id='word_1_26' title='bbox 919 723 1185 798; x_wconf 82' lang='lat' dir='ltr'><strong>concedamus,</strong></span> 
     </span>
     <span class='ocr_line' id='line_1_6' title="bbox 140 827 1186 920; baseline -0.011 -20"><span class='ocrx_word' id='word_1_27' title='bbox 140 837 183 900; x_wconf 90' lang='lat' dir='ltr'><strong>in</strong></span> <span class='ocrx_word' id='word_1_28' title='bbox 205 855 324 900; x_wconf 86' lang='lat' dir='ltr'><strong>nervo</strong></span> <span class='ocrx_word' id='word_1_29' title='bbox 343 853 470 914; x_wconf 83' lang='lat' dir='ltr'><strong>omns</strong></span> <span class='ocrx_word' id='word_1_30' title='bbox 494 851 612 920; x_wconf 86' lang='lat' dir='ltr'><strong>mque</strong></span> <span class='ocrx_word' id='word_1_31' title='bbox 631 833 720 898; x_wconf 86' lang='lat' dir='ltr'><strong>eiu</strong></span> <span class='ocrx_word' id='word_1_32' title='bbox 743 833 871 898; x_wconf 82' lang='lat' dir='ltr'><strong>nefors</strong></span> <span class='ocrx_word' id='word_1_33' title='bbox 892 827 1186 916; x_wconf 81' lang='lat' dir='ltr'><strong>reproductivae</strong></span> 
     </span>
     <span class='ocr_line' id='line_1_7' title="bbox 143 929 1186 1024; baseline -0.007 -24"><span class='ocrx_word' id='word_1_34' title='bbox 143 940 250 1002; x_wconf 86' lang='lat' dir='ltr'><strong>vitae</strong></span> <span class='ocrx_word' id='word_1_35' title='bbox 280 937 433 1024; x_wconf 77' lang='lat' dir='ltr'><strong>organis</strong></span> <span class='ocrx_word' id='word_1_36' title='bbox 456 937 567 1020; x_wconf 83' lang='lat' dir='ltr'><strong>(vol</strong></span> <span class='ocrx_word' id='word_1_37' title='bbox 590 938 654 1002; x_wconf 86' lang='lat'>111.</span> <span class='ocrx_word' id='word_1_38' title='bbox 673 955 711 1020; x_wconf 89' lang='lat' dir='ltr'><strong>p.</strong></span> <span class='ocrx_word' id='word_1_39' title='bbox 735 937 840 1022; x_wconf 85' lang='lat'><strong>139)</strong></span> <span class='ocrx_word' id='word_1_40' title='bbox 864 935 968 1000; x_wconf 84' lang='lat' dir='ltr'><strong>idem</strong></span> <span class='ocrx_word' id='word_1_41' title='bbox 998 929 1186 1018; x_wconf 83' lang='lat' dir='ltr'><strong>generari.</strong></span> 
     </span>
     <span class='ocr_line' id='line_1_8' title="bbox 142 1033 1188 1129; baseline -0.009 -21"><span class='ocrx_word' id='word_1_42' title='bbox 142 1039 513 1126; x_wconf 82' lang='lat' dir='ltr'><strong>lmponderabiiium</strong></span> <span class='ocrx_word' id='word_1_43' title='bbox 531 1061 638 1105; x_wconf 87' lang='lat' dir='ltr'><strong>more</strong></span> <span class='ocrx_word' id='word_1_44' title='bbox 658 1038 719 1123; x_wconf 71' lang='grc' dir='ltr'><strong>(ς.</strong></span> <span class='ocrx_word' id='word_1_45' title='bbox 738 1059 769 1124; x_wconf 86' lang='grc'><strong>9.</strong></span> <span class='ocrx_word' id='word_1_46' title='bbox 782 1044 803 1129; x_wconf 91' lang='grc'>)</span> <span class='ocrx_word' id='word_1_47' title='bbox 816 1039 1008 1105; x_wconf 84' lang='lat' dir='ltr'><strong>bioticum</strong></span> <span class='ocrx_word' id='word_1_48' title='bbox 1020 1033 1188 1101; x_wconf 57' lang='lat' dir='ltr'><strong>suoshass</strong></span> 
     </span>
     <span class='ocr_line' id='line_1_9' title="bbox 141 1137 1192 1228; baseline -0.011 -18"><span class='ocrx_word' id='word_1_49' title='bbox 141 1146 210 1210; x_wconf 84' lang='lat' dir='ltr'><strong>bet</strong></span> <span class='ocrx_word' id='word_1_50' title='bbox 231 1143 473 1217; x_wconf 82' lang='lat' dir='ltr'><strong>excitatores.</strong></span> <span class='ocrx_word' id='word_1_51' title='bbox 498 1143 745 1210; x_wconf 82' lang='lat' dir='ltr'><strong>conductores</strong></span> <span class='ocrx_word' id='word_1_52' title='bbox 758 1146 1055 1228; x_wconf 82' lang='lat' dir='ltr'><strong>etseperatores.</strong></span> <span class='ocrx_word' id='word_1_53' title='bbox 1098 1137 1192 1199; x_wconf 81' lang='lat' dir='ltr'><strong>Ner·</strong></span> 
     </span>
     <span class='ocr_line' id='line_1_10' title="bbox 142 1243 1190 1332; baseline -0.006 -20"><span class='ocrx_word' id='word_1_54' title='bbox 142 1252 183 1314; x_wconf 88' lang='lat' dir='ltr'><strong>vi</strong></span> <span class='ocrx_word' id='word_1_55' title='bbox 204 1246 413 1313; x_wconf 87' lang='lat' dir='ltr'><strong>cerebrales</strong></span> <span class='ocrx_word' id='word_1_56' title='bbox 434 1246 574 1332; x_wconf 87' lang='lat' dir='ltr'><strong>optimi</strong></span> <span class='ocrx_word' id='word_1_57' title='bbox 596 1247 675 1332; x_wconf 85' lang='lat' dir='ltr'><strong>ejus</strong></span> <span class='ocrx_word' id='word_1_58' title='bbox 683 1253 778 1314; x_wconf 84' lang='lat' dir='ltr'><strong>sunt</strong></span> <span class='ocrx_word' id='word_1_59' title='bbox 795 1247 1064 1319; x_wconf 76' lang='lat' dir='ltr'><strong>conductores,</strong></span> <span class='ocrx_word' id='word_1_60' title='bbox 1086 1243 1190 1326; x_wconf 83' lang='lat' dir='ltr'><strong>eym-</strong></span> 
     </span>
     <span class='ocr_line' id='line_1_11' title="bbox 142 1350 1209 1446; baseline -0.01 -30"><span class='ocrx_word' id='word_1_61' title='bbox 142 1354 323 1446; x_wconf 78' lang='lat' dir='ltr'><strong>pathicus</strong></span> <span class='ocrx_word' id='word_1_62' title='bbox 344 1371 486 1418; x_wconf 80' lang='lat' dir='ltr'><strong>nervus</strong></span> <span class='ocrx_word' id='word_1_63' title='bbox 509 1359 548 1416; x_wconf 87' lang='lat' dir='ltr'><strong>et</strong></span> <span class='ocrx_word' id='word_1_64' title='bbox 578 1351 674 1434; x_wconf 82' lang='lat' dir='ltr'><strong>alii,</strong></span> <span class='ocrx_word' id='word_1_65' title='bbox 704 1351 771 1438; x_wconf 84' lang='lat' dir='ltr'><strong>qui</strong></span> <span class='ocrx_word' id='word_1_66' title='bbox 792 1352 986 1416; x_wconf 85' lang='lat' dir='ltr'><strong>cerebrele</strong></span> <span class='ocrx_word' id='word_1_67' title='bbox 1014 1350 1209 1434; x_wconf 56' lang='lat' dir='ltr'><strong>systema„</strong></span> 
     </span>
     <span class='ocr_line' id='line_1_12' title="bbox 145 1429 1297 1541; baseline 0 -21"><span class='ocrx_word' id='word_1_68' title='bbox 145 1475 234 1521; x_wconf 90' lang='lat' dir='ltr'><strong>cum</strong></span> <span class='ocrx_word' id='word_1_69' title='bbox 258 1429 507 1541; x_wconf 73' lang='lat' dir='ltr'><strong>ganglioruni</strong></span> <span class='ocrx_word' id='word_1_70' title='bbox 525 1461 738 1540; x_wconf 76' lang='lat' dir='ltr'><strong>systemate</strong></span> <span class='ocrx_word' id='word_1_71' title='bbox 757 1449 1027 1539; x_wconf 80' lang='lat' dir='ltr'><strong>coniungunt(</strong></span> <span class='ocrx_word' id='word_1_72' title='bbox 1037 1459 1066 1530; x_wconf 70' lang='grc' dir='ltr'><strong>ς.</strong></span> <span class='ocrx_word' id='word_1_73' title='bbox 1081 1445 1189 1534; x_wconf 65' lang='lat'>181),</span> <span class='ocrx_word' id='word_1_74' title='bbox 1296 1517 1297 1524; x_wconf 71' lang='grc'>,</span> 
     </span>
     <span class='ocr_line' id='line_1_13' title="bbox 146 1553 1204 1646; baseline -0.007 -23"><span class='ocrx_word' id='word_1_75' title='bbox 146 1557 566 1640; x_wconf 83' lang='lat' dir='ltr'><strong>semiconductores,</strong></span> <span class='ocrx_word' id='word_1_76' title='bbox 555 1578 716 1646; x_wconf 84' lang='lat' dir='ltr'><strong>spsaque</strong></span> <span class='ocrx_word' id='word_1_77' title='bbox 750 1553 910 1646; x_wconf 75' lang='lat' dir='ltr'>ganglia</span> <span class='ocrx_word' id='word_1_78' title='bbox 941 1553 1204 1642; x_wconf 84' lang='lat' dir='ltr'><strong>separatoree.&#39;</strong></span> 
     </span>
     <span class='ocr_line' id='line_1_14' title="bbox 146 1663 1192 1750; baseline -0.008 -20"><span class='ocrx_word' id='word_1_79' title='bbox 146 1667 276 1742; x_wconf 74' lang='lat' dir='ltr'><strong>Potest</strong></span> <span class='ocrx_word' id='word_1_80' title='bbox 299 1671 429 1730; x_wconf 84' lang='lat' dir='ltr'><strong>autem</strong></span> <span class='ocrx_word' id='word_1_81' title='bbox 451 1663 694 1750; x_wconf 73' lang='lat' dir='ltr'><strong>contingere,</strong></span> <span class='ocrx_word' id='word_1_82' title='bbox 727 1664 892 1750; x_wconf 78' lang='lat' dir='ltr'><strong>quodie</strong></span> <span class='ocrx_word' id='word_1_83' title='bbox 911 1663 1089 1730; x_wconf 83' lang='lat' dir='ltr'><strong>morboso</strong></span> <span class='ocrx_word' id='word_1_84' title='bbox 1113 1666 1192 1724; x_wconf 85' lang='lat' dir='ltr'><strong>eta·</strong></span> 
     </span>
     <span class='ocr_line' id='line_1_15' title="bbox 147 1765 1195 1858; baseline -0.009 -22"><span class='ocrx_word' id='word_1_85' title='bbox 147 1778 192 1836; x_wconf 85' lang='lat' dir='ltr'><strong>tu</strong></span> <span class='ocrx_word' id='word_1_86' title='bbox 211 1771 433 1858; x_wconf 79' lang='lat' dir='ltr'><strong>frequenter</strong></span> <span class='ocrx_word' id='word_1_87' title='bbox 460 1768 629 1848; x_wconf 70' lang='lat' dir='ltr'><strong>eccidit,</strong></span> <span class='ocrx_word' id='word_1_88' title='bbox 657 1765 701 1836; x_wconf 82' lang='lat' dir='ltr'><strong>ist</strong></span> <span class='ocrx_word' id='word_1_89' title='bbox 720 1771 796 1837; x_wconf 83' lang='lat' dir='ltr'><strong>hae</strong></span> <span class='ocrx_word' id='word_1_90' title='bbox 815 1774 1018 1846; x_wconf 81' lang='lat' dir='ltr'><strong>mutentur</strong></span> <span class='ocrx_word' id='word_1_91' title='bbox 1033 1765 1195 1832; x_wconf 86' lang='lat' dir='ltr'><strong>relatio·</strong></span> 
     </span>
     <span class='ocr_line' id='line_1_16' title="bbox 143 1869 1218 1959; baseline -0.012 -15"><span class='ocrx_word' id='word_1_92' title='bbox 143 1897 224 1944; x_wconf 86' lang='lat' dir='ltr'><strong>nes.</strong></span> <span class='ocrx_word' id='word_1_93' title='bbox 270 1874 426 1941; x_wconf 87' lang='lat' dir='ltr'><strong>Videtur</strong></span> <span class='ocrx_word' id='word_1_94' title='bbox 447 1881 650 1959; x_wconf 82' lang='lat' dir='ltr'><strong>praeterea</strong></span> <span class='ocrx_word' id='word_1_95' title='bbox 676 1875 972 1950; x_wconf 77' lang='lat' dir='ltr'><strong>efficientiaista</strong></span> <span class='ocrx_word' id='word_1_96' title='bbox 990 1871 1031 1938; x_wconf 82' lang='lat' dir='ltr'><strong>id</strong></span> <span class='ocrx_word' id='word_1_97' title='bbox 1051 1869 1218 1934; x_wconf 85' lang='lat' dir='ltr'><strong>hebere·</strong></span> 
     </span>
     <span class='ocr_line' id='line_1_17' title="bbox 149 1976 1195 2064; baseline -0.006 -20"><span class='ocrx_word' id='word_1_98' title='bbox 149 1979 366 2064; x_wconf 85' lang='lat' dir='ltr'><strong>peculiare,</strong></span> <span class='ocrx_word' id='word_1_99' title='bbox 400 1977 500 2064; x_wconf 81' lang='lat' dir='ltr'><strong>quoti</strong></span> <span class='ocrx_word' id='word_1_100' title='bbox 521 1987 644 2044; x_wconf 74' lang='lat' dir='ltr'><strong>suum·</strong></span> <span class='ocrx_word' id='word_1_101' title='bbox 661 1976 767 2044; x_wconf 83' lang='lat' dir='ltr'><strong>haud</strong></span> <span class='ocrx_word' id='word_1_102' title='bbox 786 1979 902 2046; x_wconf 86' lang='lat' dir='ltr'><strong>facile</strong></span> <span class='ocrx_word' id='word_1_103' title='bbox 927 1979 1082 2047; x_wconf 86' lang='lat' dir='ltr'><strong>deserat</strong></span> <span class='ocrx_word' id='word_1_104' title='bbox 1107 1995 1195 2042; x_wconf 86' lang='lat' dir='ltr'><strong>con·</strong></span> 
     </span>
     <span class='ocr_line' id='line_1_18' title="bbox 150 2077 1195 2173; baseline -0.006 -25"><span class='ocrx_word' id='word_1_105' title='bbox 150 2082 376 2162; x_wconf 88' lang='lat' dir='ltr'><strong>ductorem,</strong></span> <span class='ocrx_word' id='word_1_106' title='bbox 400 2101 536 2147; x_wconf 87' lang='lat' dir='ltr'><strong>verum</strong></span> <span class='ocrx_word' id='word_1_107' title='bbox 557 2082 599 2148; x_wconf 89' lang='lat' dir='ltr'><strong>in</strong></span> <span class='ocrx_word' id='word_1_108' title='bbox 620 2101 739 2148; x_wconf 86' lang='lat' dir='ltr'><strong>nervo</strong></span> <span class='ocrx_word' id='word_1_109' title='bbox 758 2089 907 2148; x_wconf 85' lang='lat' dir='ltr'><strong>euoaut</strong></span> <span class='ocrx_word' id='word_1_110' title='bbox 922 2081 1124 2173; x_wconf 72' lang='lat' dir='ltr'><strong>memento</strong></span> <span class='ocrx_word' id='word_1_111' title='bbox 1146 2077 1195 2143; x_wconf 87' lang='lat' dir='ltr'><strong>ab</strong></span> 
     </span>
     <span class='ocr_line' id='line_1_19' title="bbox 145 2177 1198 2270; baseline -0.007 -21"><span class='ocrx_word' id='word_1_112' title='bbox 145 2204 224 2249; x_wconf 86' lang='lat' dir='ltr'><strong>uno</strong></span> <span class='ocrx_word' id='word_1_113' title='bbox 236 2186 286 2250; x_wconf 86' lang='lat' dir='ltr'><strong>ed</strong></span> <span class='ocrx_word' id='word_1_114' title='bbox 299 2184 422 2249; x_wconf 86' lang='lat' dir='ltr'><strong>elium</strong></span> <span class='ocrx_word' id='word_1_115' title='bbox 436 2184 557 2260; x_wconf 86' lang='lat' dir='ltr'><strong>finem</strong></span> <span class='ocrx_word' id='word_1_116' title='bbox 570 2183 814 2251; x_wconf 87' lang='lat' dir='ltr'><strong>velocissime</strong></span> <span class='ocrx_word' id='word_1_117' title='bbox 825 2190 1074 2270; x_wconf 74' lang='lat' dir='ltr'><strong>propagetur,</strong></span> <span class='ocrx_word' id='word_1_118' title='bbox 1096 2177 1198 2266; x_wconf 76' lang='lat' dir='ltr'><strong>quod</strong></span> 
     </span>
     <span class='ocr_line' id='line_1_20' title="bbox 150 2284 1198 2372; baseline -0.004 -23"><span class='ocrx_word' id='word_1_119' title='bbox 150 2284 309 2372; x_wconf 81' lang='lat' dir='ltr'><strong>quidem</strong></span> <span class='ocrx_word' id='word_1_120' title='bbox 330 2285 569 2352; x_wconf 85' lang='lat' dir='ltr'><strong>sensationes</strong></span> <span class='ocrx_word' id='word_1_121' title='bbox 605 2286 810 2353; x_wconf 74' lang='lat' dir='ltr'><strong>distinctae</strong></span> <span class='ocrx_word' id='word_1_122' title='bbox 838 2297 876 2354; x_wconf 85' lang='lat' dir='ltr'><strong>et</strong></span> <span class='ocrx_word' id='word_1_123' title='bbox 900 2285 1090 2352; x_wconf 80' lang='lat' dir='ltr'><strong>certarum</strong></span> <span class='ocrx_word' id='word_1_124' title='bbox 1110 2297 1198 2364; x_wconf 80' lang='lat' dir='ltr'><strong>per·</strong></span> 
     </span>
     <span class='ocr_line' id='line_1_21' title="bbox 148 2372 1200 2476; baseline -0.009 -23"><span class='ocrx_word' id='word_1_125' title='bbox 148 2389 251 2468; x_wconf 82' lang='lat' dir='ltr'><strong>tium</strong></span> <span class='ocrx_word' id='word_1_126' title='bbox 273 2393 401 2452; x_wconf 82' lang='lat' dir='ltr'><strong>motus</strong></span> <span class='ocrx_word' id='word_1_127' title='bbox 427 2389 649 2476; x_wconf 85' lang='lat' dir='ltr'><strong>requirunt.</strong></span> <span class='ocrx_word' id='word_1_128' title='bbox 692 2392 863 2476; x_wconf 88' lang='lat' dir='ltr'><strong>Denique</strong></span> <span class='ocrx_word' id='word_1_129' title='bbox 890 2389 1010 2466; x_wconf 80' lang='lat' dir='ltr'><strong>hebet</strong></span> <span class='ocrx_word' id='word_1_130' title='bbox 1032 2372 1200 2451; x_wconf 57' lang='lat' dir='ltr'><strong>efficiens</strong></span> 
     </span>
     <span class='ocr_line' id='line_1_22' title="bbox 145 2489 1268 2579; baseline -0.004 -25"><span class='ocrx_word' id='word_1_131' title='bbox 145 2489 707 2578; x_wconf 84' lang='lat' dir='ltr'><strong>tieeademsuespolaritates‚</strong></span> <span class='ocrx_word' id='word_1_132' title='bbox 728 2493 941 2579; x_wconf 48' lang='lat' dir='ltr'><strong>¹mutandas</strong></span> <span class='ocrx_word' id='word_1_133' title='bbox 952 2513 1019 2579; x_wconf 85' lang='lat' dir='ltr'><strong>per</strong></span> <span class='ocrx_word' id='word_1_134' title='bbox 1036 2491 1196 2573; x_wconf 83' lang='lat' dir='ltr'><strong>impres·</strong></span> <span class='ocrx_word' id='word_1_135' title='bbox 1264 2492 1268 2499; x_wconf 82' lang='lat'><strong><em>‘</em></strong></span> 
     </span>
     <span class='ocr_line' id='line_1_23' title="bbox 148 2597 1196 2686; baseline -0.007 -25"><span class='ocrx_word' id='word_1_136' title='bbox 148 2597 276 2661; x_wconf 88' lang='lat' dir='ltr'><strong>siones</strong></span> <span class='ocrx_word' id='word_1_137' title='bbox 297 2599 475 2662; x_wconf 83' lang='lat' dir='ltr'><strong>externas</strong></span> <span class='ocrx_word' id='word_1_138' title='bbox 499 2604 538 2663; x_wconf 87' lang='lat' dir='ltr'><strong>et</strong></span> <span class='ocrx_word' id='word_1_139' title='bbox 558 2599 731 2666; x_wconf 86' lang='lat' dir='ltr'><strong>internas</strong></span> <span class='ocrx_word' id='word_1_140' title='bbox 742 2646 755 2683; x_wconf 86' lang='lat'><em>,</em></span> <span class='ocrx_word' id='word_1_141' title='bbox 784 2621 988 2686; x_wconf 77' lang='lat' dir='ltr'><strong>sensusque</strong></span> <span class='ocrx_word' id='word_1_142' title='bbox 1010 2603 1048 2662; x_wconf 88' lang='lat' dir='ltr'><strong>et</strong></span> <span class='ocrx_word' id='word_1_143' title='bbox 1068 2598 1196 2659; x_wconf 84' lang='lat' dir='ltr'><strong>motus</strong></span> 
     </span>
     <span class='ocr_line' id='line_1_24' title="bbox 146 2697 1286 2787; baseline -0.002 -26"><span class='ocrx_word' id='word_1_144' title='bbox 146 2699 403 2774; x_wconf 80' lang='lat' dir='ltr'><strong>suscitantes,</strong></span> <span class='ocrx_word' id='word_1_145' title='bbox 426 2705 559 2787; x_wconf 84' lang='lat' dir='ltr'><strong>estque</strong></span> <span class='ocrx_word' id='word_1_146' title='bbox 586 2701 818 2784; x_wconf 74' lang='lat' dir='ltr'><strong>probabile,</strong></span> <span class='ocrx_word' id='word_1_147' title='bbox 840 2697 1119 2768; x_wconf 83' lang='lat' dir='ltr'><strong>idbioticonin</strong></span> <span class='ocrx_word' id='word_1_148' title='bbox 1130 2713 1197 2760; x_wconf 89' lang='lat' dir='ltr'><strong>va·</strong></span> <span class='ocrx_word' id='word_1_149' title='bbox 1283 2740 1286 2751; x_wconf 79' lang='grc'><strong><em>.</em></strong></span> 
     </span>
     <span class='ocr_line' id='line_1_25' title="bbox 144 2799 901 2886; baseline 0 -16"><span class='ocrx_word' id='word_1_150' title='bbox 144 2803 219 2870; x_wconf 82' lang='lat' dir='ltr'><strong>riis</strong></span> <span class='ocrx_word' id='word_1_151' title='bbox 237 2799 413 2886; x_wconf 79' lang='lat' dir='ltr'><strong>partibus</strong></span> <span class='ocrx_word' id='word_1_152' title='bbox 434 2808 541 2869; x_wconf 88' lang='lat' dir='ltr'><strong>certa</strong></span> <span class='ocrx_word' id='word_1_153' title='bbox 565 2801 715 2871; x_wconf 79' lang='lat' dir='ltr'><strong>differre</strong></span> <span class='ocrx_word' id='word_1_154' title='bbox 735 2803 901 2872; x_wconf 84' lang='lat' dir='ltr'><strong>ratione.</strong></span> 
     </span>
    </p>
   </div>
   <div class='ocr_carea' id='block_1_4' title="bbox 42 2947 1228 4186">
    <p class='ocr_par' dir='ltr' id='par_1_4' title="bbox 42 2947 1228 4186">
     <span class='ocr_line' id='line_1_26' title="bbox 42 2947 1197 3052; baseline -0.003 -22"><span class='ocrx_word' id='word_1_155' title='bbox 42 2947 44 2956; x_wconf 69' lang='grc'><strong>’</strong></span> <span class='ocrx_word' id='word_1_156' title='bbox 156 3011 164 3020; x_wconf 85' lang='grc'><em>.</em></span> <span class='ocrx_word' id='word_1_157' title='bbox 247 2965 335 3032; x_wconf 85' lang='lat' dir='ltr'><strong>Istis</strong></span> <span class='ocrx_word' id='word_1_158' title='bbox 364 2981 454 3050; x_wconf 71' lang='lat' dir='ltr'><strong>ergo</strong></span> <span class='ocrx_word' id='word_1_159' title='bbox 481 2965 705 3050; x_wconf 80' lang='lat' dir='ltr'><strong>praemissis</strong></span> <span class='ocrx_word' id='word_1_160' title='bbox 734 2968 938 3052; x_wconf 71' lang='lat' dir='ltr'><strong>aequetis</strong></span> <span class='ocrx_word' id='word_1_161' title='bbox 964 2965 1010 3033; x_wconf 82' lang='lat' dir='ltr'><strong>de</strong></span> <span class='ocrx_word' id='word_1_162' title='bbox 1042 2960 1197 3030; x_wconf 85' lang='lat' dir='ltr'><strong>nervosi</strong></span> 
     </span>
     <span class='ocr_line' id='line_1_27' title="bbox 157 3067 1200 3160; baseline -0.007 -22"><span class='ocrx_word' id='word_1_163' title='bbox 157 3067 381 3154; x_wconf 82' lang='lat' dir='ltr'><strong>systematis</strong></span> <span class='ocrx_word' id='word_1_164' title='bbox 409 3067 580 3146; x_wconf 82' lang='lat' dir='ltr'><strong>estisne,</strong></span> <span class='ocrx_word' id='word_1_165' title='bbox 611 3087 699 3136; x_wconf 87' lang='lat' dir='ltr'><strong>cum</strong></span> <span class='ocrx_word' id='word_1_166' title='bbox 724 3071 857 3160; x_wconf 81' lang='lat' dir='ltr'><strong>alique</strong></span> <span class='ocrx_word' id='word_1_167' title='bbox 880 3069 1089 3136; x_wconf 88' lang='lat' dir='ltr'><strong>minimum</strong></span> <span class='ocrx_word' id='word_1_168' title='bbox 1111 3085 1200 3152; x_wconf 86' lang='lat' dir='ltr'><strong>pro</strong></span> 
     </span>
     <span class='ocr_line' id='line_1_28' title="bbox 154 3159 1199 3258; baseline -0.006 -19"><span class='ocrx_word' id='word_1_169' title='bbox 154 3173 403 3252; x_wconf 83' lang='lat' dir='ltr'><strong>hebilitete‚</strong></span> <span class='ocrx_word' id='word_1_170' title='bbox 427 3159 665 3250; x_wconf 75' lang='lat' dir='ltr'><strong>conjicimus.</strong></span> <span class='ocrx_word' id='word_1_171' title='bbox 720 3175 925 3240; x_wconf 77' lang='lat' dir='ltr'><strong>Mutantur</strong></span> <span class='ocrx_word' id='word_1_172' title='bbox 958 3167 1199 3258; x_wconf 82' lang='lat' dir='ltr'><strong>periphecici</strong></span> 
     </span>
     <span class='ocr_line' id='line_1_29' title="bbox 155 3277 1202 3363; baseline 0.001 -21"><span class='ocrx_word' id='word_1_173' title='bbox 155 3290 365 3342; x_wconf 83' lang='lat' dir='ltr'><strong>nervorum</strong></span> <span class='ocrx_word' id='word_1_174' title='bbox 384 3277 543 3342; x_wconf 82' lang='lat' dir='ltr'><strong>termini</strong></span> <span class='ocrx_word' id='word_1_175' title='bbox 563 3296 631 3362; x_wconf 88' lang='lat' dir='ltr'><strong>per</strong></span> <span class='ocrx_word' id='word_1_176' title='bbox 652 3277 920 3363; x_wconf 82' lang='lat' dir='ltr'><strong>impressiones</strong></span> <span class='ocrx_word' id='word_1_177' title='bbox 941 3284 1143 3352; x_wconf 81' lang='lat' dir='ltr'><strong>externas,</strong></span> <span class='ocrx_word' id='word_1_178' title='bbox 1163 3279 1202 3343; x_wconf 80' lang='lat' dir='ltr'><strong>st</strong></span> 
     </span>
     <span class='ocr_line' id='line_1_30' title="bbox 96 3377 1228 3468; baseline 0.001 -27"><span class='ocrx_word' id='word_1_179' title='bbox 96 3433 103 3441; x_wconf 92' lang='lat'>.</span> <span class='ocrx_word' id='word_1_180' title='bbox 157 3377 313 3468; x_wconf 81' lang='lat' dir='ltr'><strong>quidem</strong></span> <span class='ocrx_word' id='word_1_181' title='bbox 331 3377 482 3444; x_wconf 89' lang='lat' dir='ltr'><strong>ratione</strong></span> <span class='ocrx_word' id='word_1_182' title='bbox 503 3381 655 3448; x_wconf 84' lang='lat' dir='ltr'><strong>diverse</strong></span> <span class='ocrx_word' id='word_1_183' title='bbox 674 3401 745 3466; x_wconf 88' lang='lat' dir='ltr'><strong>pro</strong></span> <span class='ocrx_word' id='word_1_184' title='bbox 764 3380 1228 3450; x_wconf 51' lang='lat' dir='ltr'><strong>caeterorummetum*</strong></span> 
     </span>
     <span class='ocr_line' id='line_1_31' title="bbox 157 3478 1202 3569; baseline -0.005 -21"><span class='ocrx_word' id='word_1_185' title='bbox 157 3501 246 3548; x_wconf 83' lang='lat' dir='ltr'><strong>rum</strong></span> <span class='ocrx_word' id='word_1_186' title='bbox 266 3478 416 3563; x_wconf 85' lang='lat' dir='ltr'><strong>indole,</strong></span> <span class='ocrx_word' id='word_1_187' title='bbox 439 3484 786 3568; x_wconf 82' lang='lat' dir='ltr'><strong>qualitatibueeuie</strong></span> <span class='ocrx_word' id='word_1_188' title='bbox 807 3484 996 3569; x_wconf 85' lang='lat' dir='ltr'><strong>physicis,</strong></span> <span class='ocrx_word' id='word_1_189' title='bbox 1021 3480 1202 3550; x_wconf 83' lang='lat' dir='ltr'><strong>chemicis</strong></span> 
     </span>
     <span class='ocr_line' id='line_1_32' title="bbox 157 3585 1206 3670; baseline 0.001 -21"><span class='ocrx_word' id='word_1_190' title='bbox 157 3592 196 3650; x_wconf 89' lang='lat' dir='ltr'><strong>et</strong></span> <span class='ocrx_word' id='word_1_191' title='bbox 217 3585 456 3669; x_wconf 80' lang='lat' dir='ltr'><strong>dynamicis3</strong></span> <span class='ocrx_word' id='word_1_192' title='bbox 477 3586 680 3670; x_wconf 83' lang='lat' dir='ltr'><strong>proticitur</strong></span> <span class='ocrx_word' id='word_1_193' title='bbox 697 3590 831 3656; x_wconf 89' lang='lat' dir='ltr'><strong>eodem</strong></span> <span class='ocrx_word' id='word_1_194' title='bbox 851 3595 1073 3664; x_wconf 82' lang='lat' dir='ltr'><strong>momento,</strong></span> <span class='ocrx_word' id='word_1_195' title='bbox 1095 3595 1136 3652; x_wconf 86' lang='lat' dir='ltr'><strong>et</strong></span> <span class='ocrx_word' id='word_1_196' title='bbox 1155 3585 1206 3668; x_wconf 61' lang='lat'><strong>¹5⁸,</strong></span> 
     </span>
     <span class='ocr_line' id='line_1_33' title="bbox 158 3689 1206 3785; baseline 0.002 -32"><span class='ocrx_word' id='word_1_197' title='bbox 158 3689 296 3755; x_wconf 85' lang='lat' dir='ltr'><strong>berum</strong></span> <span class='ocrx_word' id='word_1_198' title='bbox 319 3690 429 3775; x_wconf 86' lang='lat' dir='ltr'><strong>quasi</strong></span> <span class='ocrx_word' id='word_1_199' title='bbox 447 3691 1053 3779; x_wconf 83' lang='lat' dir='ltr'><strong>redditurimponderabileillud</strong></span> <span class='ocrx_word' id='word_1_200' title='bbox 1065 3693 1206 3785; x_wconf 69' lang='lat' dir='ltr'><strong>vitale,</strong></span> 
     </span>
     <span class='ocr_line' id='line_1_34' title="bbox 156 3791 1205 3879; baseline 0 -22"><span class='ocrx_word' id='word_1_201' title='bbox 156 3799 197 3858; x_wconf 87' lang='lat' dir='ltr'><strong>et</strong></span> <span class='ocrx_word' id='word_1_202' title='bbox 219 3791 337 3879; x_wconf 84' lang='lat' dir='ltr'><strong>simui</strong></span> <span class='ocrx_word' id='word_1_203' title='bbox 361 3791 480 3858; x_wconf 79' lang='lat' dir='ltr'><strong>facile</strong></span> <span class='ocrx_word' id='word_1_204' title='bbox 507 3797 718 3878; x_wconf 82' lang='lat' dir='ltr'><strong>poteritate</strong></span> <span class='ocrx_word' id='word_1_205' title='bbox 748 3817 820 3863; x_wconf 88' lang='lat' dir='ltr'><strong>sua</strong></span> <span class='ocrx_word' id='word_1_206' title='bbox 854 3801 1055 3873; x_wconf 87' lang='lat' dir='ltr'><strong>mutetur,</strong></span> <span class='ocrx_word' id='word_1_207' title='bbox 1089 3800 1205 3878; x_wconf 89' lang='lat' dir='ltr'><strong>etque</strong></span> 
     </span>
     <span class='ocr_line' id='line_1_35' title="bbox 164 3881 1206 3996; baseline 0 -32"><span class='ocrx_word' id='word_1_208' title='bbox 164 3899 365 3966; x_wconf 79' lang='lat' dir='ltr'><strong>celeritate</strong></span> <span class='ocrx_word' id='word_1_209' title='bbox 379 3917 532 3966; x_wconf 85' lang='lat' dir='ltr'><strong>summe</strong></span> <span class='ocrx_word' id='word_1_210' title='bbox 551 3921 620 3984; x_wconf 83' lang='lat' dir='ltr'><strong>per</strong></span> <span class='ocrx_word' id='word_1_211' title='bbox 638 3901 843 3970; x_wconf 80' lang='lat' dir='ltr'><strong>neevoead</strong></span> <span class='ocrx_word' id='word_1_212' title='bbox 862 3881 1038 3996; x_wconf 64' lang='lat' dir='ltr'><strong>ceptrum</strong></span> <span class='ocrx_word' id='word_1_213' title='bbox 1050 3899 1206 3975; x_wconf 77' lang='lat' dir='ltr'><strong>nervosi</strong></span> 
     </span>
     <span class='ocr_line' id='line_1_36' title="bbox 162 4003 1208 4090; baseline -0.002 -22"><span class='ocrx_word' id='word_1_214' title='bbox 162 4003 389 4087; x_wconf 84' lang='lat' dir='ltr'><strong>systematis</strong></span> <span class='ocrx_word' id='word_1_215' title='bbox 407 4011 663 4090; x_wconf 78' lang='lat' dir='ltr'><strong>propagatur,</strong></span> <span class='ocrx_word' id='word_1_216' title='bbox 685 4014 724 4072; x_wconf 89' lang='lat' dir='ltr'><strong>et</strong></span> <span class='ocrx_word' id='word_1_217' title='bbox 742 4006 903 4072; x_wconf 84' lang='lat' dir='ltr'><strong>suscitat</strong></span> <span class='ocrx_word' id='word_1_218' title='bbox 920 4021 1094 4077; x_wconf 83' lang='lat' dir='ltr'><strong>sensum,</strong></span> <span class='ocrx_word' id='word_1_219' title='bbox 1123 4021 1208 4067; x_wconf 90' lang='lat' dir='ltr'><strong>mu·</strong></span> 
     </span>
     <span class='ocr_line' id='line_1_37' title="bbox 162 4105 1205 4186; baseline -0.005 -12"><span class='ocrx_word' id='word_1_220' title='bbox 162 4107 286 4174; x_wconf 80' lang='lat' dir='ltr'><strong>tando</strong></span> <span class='ocrx_word' id='word_1_221' title='bbox 310 4111 456 4172; x_wconf 80' lang='lat' dir='ltr'><strong>statum</strong></span> <span class='ocrx_word' id='word_1_222' title='bbox 488 4108 653 4175; x_wconf 76' lang='lat' dir='ltr'><strong>censorii</strong></span> <span class='ocrx_word' id='word_1_223' title='bbox 679 4105 916 4182; x_wconf 84' lang='lat' dir='ltr'><strong>communie,</strong></span> <span class='ocrx_word' id='word_1_224' title='bbox 943 4105 1047 4186; x_wconf 80' lang='lat' dir='ltr'><strong>cuius</strong></span> <span class='ocrx_word' id='word_1_225' title='bbox 1070 4105 1205 4170; x_wconf 85' lang='lat' dir='ltr'><strong>anime</strong></span> 
     </span>
    </p>
   </div>
   <div class='ocr_carea' id='block_1_5' title="bbox 150 4209 1256 4318">
    <p class='ocr_par' dir='ltr' id='par_1_5' title="bbox 150 4209 1256 4318">
     <span class='ocr_line' id='line_1_38' title="bbox 150 4209 1256 4318; baseline -0.026 -21"><span class='ocrx_word' id='word_1_226' title='bbox 150 4209 319 4318; x_wconf 53' lang='lat' dir='ltr'><strong>„conscie</strong></span> <span class='ocrx_word' id='word_1_227' title='bbox 338 4217 409 4310; x_wconf 70' lang='lat' dir='ltr'><strong>²⁸i·</strong></span> <span class='ocrx_word' id='word_1_228' title='bbox 439 4212 627 4300; x_wconf 81' lang='lat' dir='ltr'><strong>opposite</strong></span> <span class='ocrx_word' id='word_1_229' title='bbox 645 4230 736 4283; x_wconf 81' lang='lat' dir='ltr'><strong>vero</strong></span> <span class='ocrx_word' id='word_1_230' title='bbox 751 4209 963 4286; x_wconf 77' lang='lat' dir='ltr'><strong>directione</strong></span> <span class='ocrx_word' id='word_1_231' title='bbox 983 4229 1029 4280; x_wconf 84' lang='lat' dir='ltr'><strong>ee</strong></span> <span class='ocrx_word' id='word_1_232' title='bbox 1050 4221 1209 4302; x_wconf 55' lang='lat' dir='ltr'><strong>pregre„</strong></span> <span class='ocrx_word' id='word_1_233' title='bbox 1252 4222 1256 4234; x_wconf 93' lang='lat'><em>·</em></span> 
     </span>
    </p>
   </div>
   <div class='ocr_carea' id='block_1_6' title="bbox 0 0 1468 4996">
    <p class='ocr_par' dir='ltr' id='par_1_6' title="bbox 0 0 1468 4996">
     <span class='ocr_line' id='line_1_39' title="bbox 0 0 1468 4996; baseline 0 0"><span class='ocrx_word' id='word_1_234' title='bbox 0 0 1468 4996; x_wconf 95' lang='lat' dir='ltr'><strong> </strong></span> 
     </span>
    </p>
   </div>
  </div>
 </body>
</html>
