2898 4996
319 437 427 535 saer.
447 435 471 498 1.
495 431 552 496 Dr
574 445 690 496 serso
710 443 928 501 correano.
1027 521 1035 546 Ι
1063 407 1071 424 ’
1101 441 1166 522 245

112 592 157 651 ut
185 579 279 648 adeo
311 579 360 644 ad
391 581 555 658 maiores
587 579 794 644 distantias
808 573 832 660 ,⁸
850 579 942 645 licet
954 599 1022 650 nec
1042 583 1166 663 visus,
1278 572 1283 598 ¹

111 710 182 753 nec
206 685 371 750 ollactus
386 685 434 748 ab
455 684 504 747 iis
521 680 770 764 adlicientur,
795 684 1083 766 eeadvertant,
1104 711 1165 755 su·

111 793 209 856 dent
232 811 389 876 corpore
405 793 511 867 toto,
538 795 753 872 angantur,
776 790 908 856 animo
922 792 1162 882 linquantur.

112 894 269 962 Similes
290 891 538 983 sympathiae
562 898 600 954 et
618 891 863 976 antipathiae
883 885 1002 962 etiarn
1029 899 1164 983 vigent

110 999 218 1064 inter
245 997 435 1066 animalia
451 995 678 1080 ejusdemet
698 997 875 1064 diversae
893 1003 1056 1083 speciei,
1080 1005 1162 1070 imo

114 1103 373 1168 advertuntur
406 1099 560 1165 eaedem
592 1099 695 1164 inter
724 1099 964 1194 vegetabilis
991 1123 1162 1190 quoquae

112 1211 269 1285 constat
287 1203 391 1268 enim
415 1201 708 1279 observatione,
733 1211 854 1269 certae
866 1204 1091 1288 plantarum
1103 1209 1164 1274 la·

111 1309 249 1375 milies
270 1327 357 1372 eum
378 1303 521 1374 hebere
542 1305 583 1368 in
604 1325 643 1370 ae
660 1307 1022 1386 mutuoinfluxum‚
1042 1315 1087 1375 ut
1100 1317 1165 1378 vel

113 1413 266 1494 optime
283 1407 402 1484 eim‘ul
423 1413 615 1484 crescant,
637 1407 699 1476 vel
716 1429 807 1475 vero
818 1431 896 1478 una
915 1413 1074 1480 alterius
1086 1417 1163 1481 im·

113 1515 254 1598 pediat
283 1513 569 1598 vegetationem
598 1511 666 1596 a);
696 1511 911 1600 quidquod
938 1523 980 1582 et
1000 1521 1164 1588 metalla

111 1619 310 1705 nonnulla
327 1617 475 1701 plantis
494 1617 576 1682 sint
597 1617 759 1684 inimica
770 1661 781 1697 ,
802 1625 847 1686 ut
865 1619 909 1684 de
930 1629 1089 1706 argento
1102 1625 1163 1691 vi·

111 1747 160 1790 vo
185 1714 385 1814 innotuit}
405 1720 673 1808 quodplentae
697 1731 855 1800 enecat,
883 1727 952 1792 ubi
972 1729 1013 1795 iu
1026 1749 1162 1798 vascu-

108 1837 147 1900 lo
176 1830 350 1918 quodam
378 1827 427 1894 ed
457 1827 614 1894 dimidii
644 1828 764 1894 etiem
790 1828 900 1913 pedis
929 1830 1162 1902 distantiam

109 1936 328 2002 collocatur
349 1930 412 2018 b).
455 1929 537 1995 Huc
558 1930 859 2015 etiampertinet
873 1935 1092 2004 observatio
1103 1959 1162 2020 ea,

39 2043 41 2060 '
106 2033 1160 2156 quodatmosphaeravitalisjuvenumetsanorumho-
1253 2053 1257 2070 ·

19 2191 20 2220 ι
107 2145 264 2212 ιιιίιιιιιιι
277 2142 378 2207 vires
390 2140 657 2222 erigatsenum
669 2143 706 2200 et
720 2137 998 2221 morbidorum,
1021 2148 1160 2210 etcon·

19 2221 20 2294 i
109 2251 181 2312 tra
196 2243 336 2311 nociva
364 2245 445 2307 sint
464 2239 627 2306 effluvio
647 2239 929 2327 decrepitorum
947 2263 992 2308 ac
1011 2247 1160 2314 morbi-

19 2381 21 2396 >
108 2350 249 2416 «lorum
271 2348 488 2426 iunioribus
513 2354 551 2412 et
572 2347 701 2423 sanis,
721 2344 930 2412 tenerioris
949 2350 1158 2436 praecipue
1261 2413 1264 2420 ,

109 2449 405 2528 constitutionis
419 2453 473 2538 c).
487 2447 695 2514 Peculieris
706 2449 826 2513 etiam
839 2455 896 2514 est
907 2448 1074 2516 influxus
1086 2452 1158 2520 ho·

109 2559 231 2622 minis
253 2557 294 2621 in
318 2541 554 2639 vegetabilis
576 2519 867 2617 etsubsiantias
881 2550 1158 2636 cryptobiotas.
1188 2603 1193 2614 .

108 2655 455 2738 Notumenimest,
478 2653 724 2740 eliquesdari
744 2653 943 2730 homines,
968 2655 1158 2738 quiplan·

20 2815 21 2818 κ
107 2769 158 2836 tis
180 2769 323 2834 nocent
340 2761 490 2839 halitu„
517 2758 762 2830 exhalatione
779 2767 818 2824 et
837 2763 1157 2839 contrectatione,

109 2845 204 2938 (luni
226 2871 320 2945 alii,
350 2865 566 2941 nedicunt,
592 2863 698 2930 felici
726 2868 845 2930 manu
871 2887 933 2930 eas
960 2872 1169 2944 tractant,‘

21 3047 22 3050 ,
108 2995 318 3063 earumque
330 2967 879 3058 promoventvegetationemc
899 2969 996 3036 alios
1012 2971 1157 3038 iterum
1275 2979 1278 2986 “

106 3101 205 3156 esse,
237 3079 305 3164 qui
320 3079 487 3164 liquores
512 3073 806 3150 fermentantes,
827 3075 977 3151 vinum,
990 3083 1155 3153 acetum,

106 3204 177 3248 sua
197 3183 450 3262 corrumpunt
472 3175 770 3260 atmoephaera,
791 3179 903 3241 certis
920 3183 1074 3243 constat
1087 3179 1157 3244 ob-

107 3273 416 3361 servationibus,
448 3281 489 3346 id
519 3280 619 3366 quod
641 3281 687 3346 de
707 3281 885 3359 leminis,
915 3281 1153 3351 fluxu'men·

108 3395 213 3457 struo
235 3385 524 3465 laborantibus,
553 3384 756 3470 praecipue
775 3387 895 3452 valet.

192 3551 362 3621 Maxime
383 3556 513 3617 autem
537 3527 788 3634 sympathiae
798 3548 856 3614 vis
880 3551 921 3630 in
936 3537 1161 3618 adfectibus*

111 3657 258 3731 animi,
288 3655 405 3738 inque
432 3650 688 3737 magnetismo
721 3651 885 3719 animali
906 3673 985 3740 sese
1005 3655 1154 3739 prodit.

109 3757 236 3824 Tanta
258 3744 362 3820 'enim
382 3757 438 3818 est
461 3758 632 3836 potestas
651 3749 785 3816 vitalis
804 3753 1002 3838 energiae,
1029 3762 1100 3844 ut,
1120 3741 1155 3820 si

109 3866 245 3924 mutua
266 3854 489 3922 conceditur
510 3856 633 3934 actio,
654 3853 833 3948 adfectus
847 3875 960 3939 saepe
983 3833 1155 3942 oppositi

107 3963 363 4046 concitentur,
385 3971 423 4030 et
438 3963 604 4026 latentes
627 3941 1021 4045 anteaproliciantur‚
1043 3980 1087 4023 ac
1108 3961 1153 4026 in
1223 4023 1225 4028 ,
1292 3983 1298 3991 ·

108 4092 302 4140 summum
321 4069 580 4158 perducantur
598 4067 784 4152 vigorem.
827 4066 920 4150 Quis
955 4067 1059 4131 enim
1087 4086 1157 4131 ne·

110 4179 181 4246 scit
192 4220 203 4257 ,
225 4179 405 4246 menibus
417 4175 605 4262 porrectis
619 4181 658 4240 et
682 4193 768 4238 curn
786 4173 1004 4241 intentione
1018 4175 1155 4261 aliqua

110 4283 333 4372 compressis
363 4279 543 4350 inimicos
570 4299 683 4366 saepe
716 4277 982 4358 reconciliari,
1022 4278 1155 4362 odium
