2898 4996
161 2456 166 2470 ι
237 2471 241 2482 .
282 2406 330 2480 ad
354 2417 651 2478 certastautum
673 2416 816 2494 partes.

269 367 333 437 auc
524 353 614 420 Lra.
633 350 681 418 11.
709 353 804 422 car.
825 347 966 419 lma
998 323 1136 418 sassa

374 465 1171 570 u)srs1uaocrs¹s‘as5u.ejrsyuoaasune.
1190 511 1219 570 p,
1237 507 1317 564 23..

342 599 388 655 52.
402 594 433 640 et
446 585 491 658 pl.
507 584 531 650 1,
608 573 612 599 ¹
1076 603 1082 617 .

726 765 754 838 §-
785 721 880 865 sir-2

297 904 592 974 Peculiares
624 885 1054 971 coen'aesthessos
1081 906 1292 972 modili-

672 1009 922 1112 catipnes.

359 1157 514 1222 Praeter
526 1171 657 1216 causas
669 1154 841 1236 superius
857 1154 909 1235 (t.
920 1157 1010 1238 471.)
1024 1155 1210 1236 adductas
1221 1157 1327 1244 aliae
1446 1177 1448 1194 ¹

277 1286 430 1354 quoque
451 1271 569 1344 sunt,
599 1283 696 1349 quae
725 1281 879 1327 sensum
902 1265 1128 1348 organicum
1147 1253 1326 1351 singula-

186 1399 188 1410 ·
275 1373 313 1436 ri
336 1373 492 1435 mutant
509 1367 681 1441 ratione,
714 1384 878 1454 eumque
897 1359 936 1433 in'
953 1353 1160 1432 relationes
1172 1374 1328 1452 ponunt

275 1471 509 1563 peculiares,
529 1491 552 1534 a
563 1470 689 1534 tribus
704 1467 752 1531 iis
771 1465 1025 1532 relationibus
1040 1469 1061 1554 (
1071 1475 1172 1552 §.47a
1183 1473 1347 1556 *475.).

275 1576 490 1662 plurimum
506 1572 776 1652 discrepantes.
819 1575 991 1654 Augetur
1007 1565 1185 1635 euimsub
1209 1575 1326 1636 certis

276 1676 582 1748 circumstantiis
608 1675 857 1758 receptivitas
876 1675 1125 1739 stimulorum
1148 1674 1328 1740 incertis

280 1782 453 1867 corporis
472 1781 674 1864 partibus,
705 1780 765 1840 vel
785 1777 959 1862 adquirit
981 1779 1099 1858 aliam
1113 1797 1273 1862 prorsus
1289 1785 1330 1844 et

278 1874 473 1960 insuetam
497 1903 604 1950 secus
638 1883 808 1947 indolem
819 1923 839 1955 ,,
858 1887 903 1944 ut
931 1882 1024 1946 adeo
1055 1883 1328 1966 phaenomena

280 1975 419 2080 prodat
434 2009 476 2053 eo
500 1989 624 2072 magis
643 1984 862 2065 mirabilia,
881 1986 1121 2072 quantoplus
1134 2006 1157 2049 a
1169 2005 1329 2064 consus·

280 2098 333 2162 tis
357 2095 535 2178 notisque
563 2090 710 2157 recedit
731 2092 940 2176 organismi
960 2091 1148 2157 animalia
1168 2091 1325 2176 regulis.

198 2185 204 2197 ⁸
280 2199 414 2265 Potest
437 2205 567 2262 autem
597 2215 727 2262 sensus
755 2195 971 2268 communis
1001 2197 1063 2259 vel
1080 2196 1121 2259 in
1146 2192 1328 2262 universo

195 2338 198 2348 ·
282 2321 440 2385 corpore
463 2300 621 2374 mutari,
642 2297 704 2362 vel
725 2298 974 2384 restringitur
995 2295 1331 2380 ejusmodificatio

963 2471 969 2503 l

323 2635 328 2642 Ι
371 2553 596 2620 Exultatam
625 2549 919 2621 coenaesthesin
943 2549 982 2615 in
1004 2567 1162 2633 corpore
1184 2554 1267 2614 toto
1294 2555 1338 2614 et
1406 2603 1416 2612 .

282 2649 324 2725 in
346 2653 511 2744 singulis
540 2677 721 2724 sensuum
750 2657 1006 2724 cerebralium
1037 2653 1192 2740 organis
1215 2674 1331 2739 saepe

284 2765 477 2832 cernimus
498 2762 599 2846 apud
620 2763 784 2826 feminas
806 2759 1017 2844 hystoricae
1036 2754 1332 2844 et'vimshypo·

281 2855 559 2942 chondriacos,
583 2863 684 2947 apud
705 2861 907 2928 individua
929 2862 1093 2931 diversis
1119 2881 1328 2929 nervorum

181 3046 183 3065 Ι
286 2971 570 3038 adfectionibus
594 2967 854 3041 laborantia„
875 2971 941 3028 aut
971 2963 1329 3030 vehementioribus

283 3073 408 3140 animi
426 3072 594 3137 motibus
614 3067 775 3155 agitata.
807 3066 1012 3133 Peculiaris
1022 3057 1113 3134 vsro
1125 3068 1331 3138 universae

285 3179 595 3242 coenaestheseos
611 3173 852 3239 modificatio
865 3195 943 3236 sese
954 3172 1186 3236 manifestat
1206 3172 1247 3235 in
1258 3172 1332 3236 ho·

284 3282 458 3346 minibus
485 3285 523 3344 et
548 3279 673 3356 brutis
708 3275 966 3350 animalibus,
1002 3291 1098 3360 quaa
1129 3275 1189 3340 vel
1216 3281 1329 3358 grato

286 3403 399 3448 sensu
413 3382 461 3446 ad
482 3373 649 3446 invicem
660 3383 835 3446 feruntur
853 3377 1226 3464 (sympathia),
1260 3381 1330 3447 vel

285 3483 674 3567 verosingulariodio
687 3481 971 3565 ssse'repellunt
984 3477 1328 3564 (antipathia).

285 3591 368 3654 Non
380 3607 504 3672 pauca
523 3584 625 3652 anim
647 3592 804 3650 exstant
822 3587 996 3668 exempla
1014 3581 1236 3674 hominum,
1261 3589 1331 3671 qui

285 3693 568 3778 perobscurum
593 3665 796 3777 quemdam
818 3669 1140 3772 sensumimpulsi
1154 3697 1257 3756 certa
1269 3692 1331 3756 iu·

285 3787 467 3868 dividua,
484 3807 683 3876 nunquam
705 3791 780 3855 sibi
799 3790 884 3857 visa
895 3836 906 3867 ,
935 3791 1029 3856 adeo
1053 3798 1249 3868 amarunt,
1261 3795 1332 3858 aut

287 3905 397 3964 tanto
421 3896 511 3962 odio
537 3894 760 3981 habuerunt
781 3895 814 3976 ‘)
829 3889 849 3968 ,'
871 3901 915 3959 ut
936 3915 958 3959 a
977 3895 1266 3978 primosobtutu
1285 3895 1329 3960 in

285 4001 423 4086 gravia
442 3998 659 4066 inciderent
678 4002 942 4081 symptomata
965 3997 1041 4084 θ’).
1084 4003 1177 4064 Sunt
1198 3993 1330 4062 bom'i-

284 4129 351 4171 nes
373 4106 466 4180 alli,
498 4104 565 4188 qui
589 4107 781 4170 certorum
804 4102 1033 4168 animalium
1046 4100 1220 4185 (felium
1234 4123 1271 4167 v·
1294 4118 1332 4186 g.

281 4212 454 4277 murium
474 4209 561 4290 etc.)
574 4227 650 4270 non
670 4207 801 4273 ierunt
817 4208 979 4274 vitalem
997 4208 1328 4296 etmosphseram,
