2898 4996
297 319 407 430 sear.
426 361 459 432 t.
484 357 541 426 De
558 369 677 428 seres
698 329 919 430 cerream.
1069 400 1073 446 ι
1097 371 1169 442 ιιι

120 496 290 568 diversis
302 540 313 577 ,
336 521 404 586 per
425 497 645 566 membrum
658 505 809 568 motum
827 497 1048 586 descriptis:
1068 501 1179 574 deni·

128 627 200 694 que
222 611 349 674 tentat
370 604 486 672 modo
510 625 556 672 ee
575 601 703 690 apetie
729 592 815 670 cum
834 608 1077 676 dietantieet
1095 612 1175 678 situ

124 707 297 774 alierum
317 707 384 772 sui·
402 705 574 790 corporis
603 704 801 788 partium,
836 729 879 790 ac
906 709 1062 778 demum
1089 733 1180 782 cum

125 813 319 878 distantia
345 819 383 876 et
399 810 537 896 positu
562 811 754 889 aliorum,
786 819 895 876 extre
924 829 1178 902 corpus'pro·

123 917 257 1002 prium
280 913 531 980 existentium
552 909 786 998 objectorum
798 915 840 980 in
862 917 1097 985 relationem
1109 941 1181 1006 po·

127 1039 234 1084 nere.
280 1018 452 1096 Motibus
472 1017 610 1096 variis,
632 1017 871 1103 frequentius
893 1015 1068 1097 iteretis,
1099 1019 1180 1086 cci-

124 1120 218 1186 letie
247 1126 285 1183 et
307 1117 521 1200 coniunctis
534 1117 653 1194 ideis,
676 1137 907 1202 percensum
920 1123 1182 1190 musculerem

132 1219 325 1300 obtentis,
348 1218 499 1288 animus
520 1217 678 1284 tandem
699 1210 756 1285 it'a
768 1223 948 1288 edocetur
956 1263 968 1301 ,
990 1228 1035 1290 ut
1054 1243 1176 1294 mem·

128 1325 292 1391 brorum
322 1328 452 1388 motus
476 1307 819 1394 ed'determinates
842 1323 1049 1392 distantias
1079 1325 1177 1396 diri·

129 1443 221 1515 gere
240 1428 376 1512 poerit.
403 1428 569 1491 Multum
584 1431 713 1488 autem
727 1425 1071 1510 adjuvetursensue
1097 1451 1180 1494 mo·

13 1551 14 1570 ³
124 1537 187 1597 tus
210 1529 252 1594 in
273 1545 431 1596 munere
444 1523 518 1592 hoc
537 1541 825 1611 suapersensus
848 1530 1084 1615 cerebralee,
1106 1552 1176 1618 per

13 1635 15 1676 ³
123 1637 275 1698 tectum
296 1631 499 1718 praecipue
522 1635 560 1694 et
581 1629 727 1710 visum,
755 1631 884 1696 minus
905 1643 994 1698 vero
1019 1655 1087 1720 per
1106 1655 1177 1702 ιιιι-

13 1791 14 1818 1
125 1737 268 1822 ditum.
312 1737 377 1800 Est
400 1735 537 1832 itaque
552 1727 714 1800 difficile
736 1729 1022 1816 consistatis,
1048 1741 1176 1806 aculis

13 1885 14 1888 ι
124 1836 266 1906 clausis
284 1837 384 1902 vel
372 1858 414 1903 ιιι
436 1835 607 1902 tenebris
629 1841 734 1902 recte
756 1837 960 1921 procedere
978 1831 1106 1922 linea,
1137 1847 1179 1912 et

104 1945 257 2011 caolet
246 1965 287 2011 ιιι
314 1943 387 2015 iis,
423 1941 489 2028 qui
510 1941 614 2005 coeci
635 1947 867 2019 nascuntur,
889 1949 1036 2030 tactus,
1065 1967 1177 2033 pres-

124 2051 284 2136 oipuum
308 2065 437 2113 sensus
458 2043 689 2112 muscularis
713 2041 1041 2128 adminiculum,
1054 2053 1179 2120 maxi

126 2169 190 2218 me
215 2150 390 2218 evolutus
412 2169 503 2216 eece.
526 2141 771 2232 Opitulatur
794 2151 915 2216 etiem
935 2155 1066 2220 sessui
1091 2178 1175 2230 mo·

125 2261 191 2320 tus
204 2253 464 2320 musculorum
478 2251 681 2337 synergie,
705 2269 802 2336 quae
816 2243 984 2336 integrae
997 2261 1177 2326 carnium

13 2411 14 2424 ,
127 2363 360 2442 apparatus,
384 2354 495 2422 nobis
515 2357 594 2419 fere
608 2353 763 2431 insciis,
787 2355 834 2422 ed
848 2361 1080 2443 compositos
1091 2381 1177 2448 pro.

13 2439 16 2476 ι
123 2469 243 2530 vocet
258 2468 386 2528 motus
411 2459 521 2548 (vol.
542 2463 598 2526 lv.
617 2476 654 2544 p.
673 2461 763 2544 35).

228 2601 452 2690 Requiritur
473 2607 605 2666 temen
629 2599 831 2684 encaphali
854 2605 1009 2688 energia
1027 2603 1175 2690 debite,

126 2713 171 2772 at
194 2706 423 2770 muscularis
443 2723 573 2767 sensus
593 2721 729 2765 munus
745 2723 856 2770 suum
871 2703 1000 2772 debite
1016 2729 1177 2796 perage-

126 2830 168 2874 re
187 2809 331 2874 veleet.
374 2805 525 2871 Etenim
549 2805 786 2870 labefactata
812 2807 956 2871 cerebri
977 2808 1016 2873 vi
1028 2855 1039 2888 ,
1069 2818 1112 2876 ut
1127 2815 1177 2890 in

128 2910 388 2977 delirantibus
404 2913 443 2973 et
456 2905 664 2972 'inebriatis
676 2907 901 2974 hominibus
915 2915 971 2976 est
981 2955 993 2989 ,
1017 2913 1110 2978 licet
1126 2913 1183 2985 .vi·

13 2999 14 3024 ¹
132 3034 194 3080 ree
218 3005 873 3093 musculereeseepesintintensae,
895 3019 1072 3092 motuum
1092 3038 1181 3098 εφη.

13 3191 14 3208 ¹
127 3113 410 3184 scientie-adeo
437 3113 715 3192 labefactatur,
744 3116 789 3175 ut
812 3115 974 3198 pedibus
993 3113 1094 3185 recte
1118 3119 1180 3186 in·-

13 3271 14 3284 ,
133 3217 265 3283 cedere
289 3223 329 3284 et
351 3215 449 3282 alios
471 3233 654 3298 congruos
675 3221 801 3280 motus
818 3237 997 3302 peragam
1015 3223 1181 3306 vixpos-
1265 3250 1268 3259 =

13 3335 14 3338 ’
131 3321 227 3387 sint.
272 3319 314 3384 Id
335 3319 462 3402 ipsum
497 3315 643 3382 edcidit
671 3315 712 3382 in
747 3319 955 3402 vertigine,
979 3341 1087 3410 ¹quae
1111 3344 1182 3410 per

135 3445 286 3505 causes,
307 3425 505 3490 cerebrum
528 3421 589 3488 vel
613 3419 922 3506 idiopethicevel
942 3431 1184 3516 sympathice

133 3529 384 3609 adiicientes,
407 3527 627 3640 eaecitatur

218 3676 289 3743 Per
320 3631 514 3740 αοιίοιιιιιιι
542 3673 802 3740 musculorum
828 3676 1035 3779 repetitam
1062 3641 1181 3750 idea

134 3777 387 3865 temporie
412 3779 543 3856 animo
564 3779 752 3855 refertur,
780 3799 876 3873 qaae
897 3782 1037 3848 clarior
1058 3784 1184 3850 reddi·

135 3889 203 3950 tur
219 3903 287 3968 per
302 3879 572 3966 impressiones
600 3879 722 3956 aliae,
744 3881 860 3946 simul
882 3883 929 3948 ad
952 3886 1200 3962 conscienti-

139 4007 205 4054 am
227 3985 446 4072 perductes.
490 3985 554 4048 Est
576 3989 706 4055 autem
726 3984 1003 4065 necessarium,
1028 3996 1070 4056 ut
1094 4009 1184 4056 002.

13 4149 14 4160 ,
139 4090 212 4161 scii
244 4091 365 4157 simus
394 4085 605 4169 temporis,
652 4077 724 4174 que
753 4085 984 4156 musculeres
1013 4094 1186 4160 actiones

115 4193 378 4301 contingunt
400 4199 440 4258 et
456 4189 626 4269 durent,
646 4205 721 4274 quo
740 4191 892 4257 animus
910 4199 1085 4292 metuam
1101 4213 1212 4267 suc·

183 4305 419 4393 Limenia
439 4309 610 4400 Physiol.
631 4309 732 4376 med
751 4311 908 4378 v01.1v
1004 4318 1039 4410 Q
1167 4417 1169 4424 Α

1406 4051 1415 4088 t
